3220 5014
728 527 731 534 Ι
767 453 807 519 2Ἰ

245 662 308 735 eet,
336 653 391 718 ubi
421 653 562 737 gladium
594 675 632 719 ac
663 649 885 742 pestilentiam,
918 653 1032 742 quibus
1064 652 1151 719 Mare
1183 655 1326 720 homines

244 761 388 827 occidere
409 762 518 846 soleat,

441 870 595 955 δίλογχον
615 862 707 957 ἄτην,
729 873 864 953 φοινίαν
885 871 1047 956 ξυνωρίδα

243 978 498 1064 poetaappellat.
527 977 768 1062 Significatione
779 988 886 1044 autem
896 979 1035 1065 paullum
1045 979 1172 1044 diversa
1184 979 1326 1065 Choeph.

245 1109 273 1150 v.
296 1085 358 1150 982
379 1087 532 1170 scriptum
554 1088 733 1152 invenimus
755 1109 763 1152 ι

440 1194 543 1272 πέδας
563 1218 600 1260 τε
620 1207 747 1280 χειροῖν
766 1196 822 1260 καί
842 1195 964 1260 ποδοῖν
985 1194 1156 1281 ξυνωρίδα.

242 1302 358 1388 Neque
379 1304 464 1368 enim
485 1302 525 1367 de
552 1304 622 1388 ipsa
650 1305 870 1368 communione
899 1303 951 1368 hic
978 1303 1167 1368 vocabulum
1187 1305 1326 1389 ξυνωρίς

242 1410 490 1496 intellegendum
512 1420 569 1494 est,
591 1411 648 1475 sed
669 1411 709 1475 de
730 1433 768 1476 ea
788 1434 832 1495 re,
854 1431 917 1496 qua
937 1410 991 1476 ille
1017 1411 1168 1494 efficitur,
1197 1420 1233 1476 ut
1262 1412 1326 1478 iam

242 1518 374 1604 copulae
394 1521 462 1584 eive
481 1518 679 1584 vinculorum
699 1519 787 1584 notio
809 1517 1013 1602 agnoscenda
1034 1520 1084 1583 eit.

324 1625 446 1706 Quibus
468 1627 605 1711 peractis
628 1647 826 1711 quaeramus,
860 1648 937 1711 quas
959 1627 992 1689 in
1013 1648 1048 1690 re
1070 1627 1228 1710 coniugali
1247 1627 1324 1691 ima·

241 1735 332 1817 gines
354 1733 393 1798 de
414 1734 512 1799 verbo
534 1727 705 1818 ζευγνύναι
733 1734 835 1819 iisque
864 1733 1041 1818 vocabulis,
1071 1754 1153 1819 quae
1179 1754 1251 1799 cum
1271 1735 1324 1799 illo

242 1841 423 1926 cohaerent,
445 1842 625 1927 Aeschylus
654 1852 685 1907 et
706 1841 877 1928 Euripides
905 1841 1175 1927 desumpserint*
1217 1844 1325 1928 Atque

241 1950 294 2015 ille
315 1949 443 2035 quidem
465 1949 549 2015 haud
570 1952 617 2014 ite
637 1951 745 2016 multis
766 1971 841 2014 usus
871 1960 919 2014 est
945 1951 1037 2015 huius
1068 1951 1194 2033 generis
1222 1958 1324 2014 trane-

240 2057 419 2123 lationibus.
480 2056 565 2122 Nam
596 2056 658 2122 duo
690 2067 815 2122 tantum
847 2059 1050 2122 inveniuntur
1080 2059 1159 2140 loci,
1191 2078 1325 2143 quorum

240 2167 339 2232 altero
361 2167 501 2251 nuptiae,
523 2186 602 2251 ques
624 2165 742 2230 Persae
764 2166 1019 2250 conciliaverant,
1048 2167 1231 2251 priusquam
1252 2185 1324 2230 cum

239 2273 350 2354 Xerxe
371 2273 412 2338 ed
434 2273 550 2338 bellum
572 2283 684 2338 contra
705 2271 847 2339 Graecos
869 2273 1004 2359 profecti
1034 2284 1124 2356 sunt,
1154 2262 1323 2360 δρτιζυχία

239 2382 451 2464 nominantur,
474 2381 573 2446 altero
596 2381 721 2446 illorum
743 2383 903 2466 coniuges,
926 2383 1043 2467 quippe
1065 2402 1147 2466 quae
1168 2383 1323 2446 amaritis

240 2489 412 2554 destitutae
443 2490 527 2570 sint,
564 2480 742 2575 μονὸςυχες
780 2488 936 2554 dicuntur.
996 2488 1178 2577 Utrumque
1217 2499 1322 2554 autem

239 2597 418 2682 exemplum
440 2598 474 2662 in
495 2596 602 2662 Persis
624 2596 716 2662 nohis
739 2598 885 2681 occurrit,
915 2596 971 2661 ubi
999 2619 1030 2662 v.
1054 2597 1112 2661 135
1133 2617 1222 2682 seqq.
1244 2596 1322 2681 legi-

237 2726 336 2770 mus:

386 2813 544 2897 Περσίδες
565 2812 593 2877 δ
614 2801 838 2898 ἄκροπενδεῖς
859 2807 980 2879 ἑκάοτα
1001 2807 1105 2900 πόθῳ
1127 2805 1282 2900 φιλάνορι

391 2912 454 2984 τὸν
474 2913 653 3005 αἰχμάεντα
673 2925 804 3007 θοῦρον
825 2910 918 2988 εἰνα-

385 3031 470 3112 cippo
491 3028 757 3113 ιιροιιεμψαμένα

385 3136 535 3202 λείπεται
554 3128 699 3221 μονόζυξ

236 3249 332 3326 atque
353 3265 383 3307 v.
404 3243 463 3308 541
487 3265 552 3329 seq.
576 3268 583 3308 :

434 3348 468 3415 αὶ
489 3351 517 3416 δ
538 3341 699 3436 ἁβροχόοι
720 3351 878 3437 Περσίδες
899 3341 1032 3437 α’νδρῶν

432 3462 622 3524 actuoritati
642 3457 726 3524 ίδεῑν
746 3449 944 3544 ἀρτιζυγίαν.

236 3561 391 3646 Largiore
412 3586 508 3629 manu
538 3587 649 3650 sparsa
677 3565 718 3630 ab
740 3565 893 3651 Euripide
914 3568 1056 3632 invenies
1076 3566 1169 3631 huius
1194 3568 1320 3650 generis

236 3671 358 3736 similia.
403 3671 511 3757 Atque
533 3672 641 3738 eadem
663 3675 806 3758 ratione,
839 3696 901 3760 qua
929 3673 1004 3740 illud
1026 3663 1215 3761 δριιζυχίαν
1236 3674 1320 3759 apud

235 3777 430 3865 Aeschylum
463 3781 502 3846 de
535 3783 653 3866 nuptiis
687 3784 868 3867 nuperrime
901 3774 1086 3864 conciliatis,
1118 3782 1202 3867 apud
1233 3783 1320 3848 illum

234 3880 394 3971 νεόζυχον
415 3887 455 3953 de
476 3887 603 3971 femina,
634 3910 715 3974 quae
743 3889 849 3974 paullo
879 3900 954 3954 ante
981 3891 1050 3955 viro
1076 3892 1202 3974 nupsit,
1231 3912 1320 3955 usur-

235 4003 344 4078 patum
366 3997 544 4061 invenimus
565 3994 650 4062 Med.
673 4020 703 4061 v.
726 3997 788 4064 804
808 4020 874 4083 seq.
897 4021 904 4061 :
1086 4003 1090 4008 “

303 4252 319 4284 ¹*
338 4230 395 4305 Hac
412 4255 446 4305 de
464 4271 492 4306 re
511 4272 578 4321 quae
596 4255 718 4322 pluribus
735 4257 790 4307 fere
819 4256 964 4329 disputavit
982 4259 1116 4312 Gustarue
1135 4259 1236 4315 Redtke
1255 4260 1281 4320 (l.
1301 4261 1317 4318 l.

234 4357 259 4410 p.
278 4343 310 4392 32
329 4340 423 4410 seqq),
443 4341 487 4394 hio
504 4342 666 4412 respicienda
684 4348 752 4398 suut.
