3220 5014
749 440 788 504 51

218 643 299 707 tium
320 640 444 706 aceedit
473 640 565 705 huius
593 641 721 724 generis
750 640 946 726 exemplum,
974 639 1060 725 quod
1088 639 1127 704 fr.
1150 640 1211 705 259
1240 661 1313 706 oon-

218 751 367 815 tinetur:

418 845 501 942 ἀνὴρ
523 856 551 922 θ’
573 854 701 934 ἐκεῖνος
721 841 764 941 ἦν
784 857 988 942 πεπαίτερος
1009 848 1133 940 μόρων.

219 960 314 1039 Quod
347 985 423 1028 vero
459 963 647 1029 Eustathius
680 985 758 1028 voce
794 954 1017 1049 ὡριμούτερος,
1053 962 1125 1026 ie.
1160 961 1316 1025 maturior

220 1071 359 1157 explieat
392 1069 468 1134 illud
504 1073 718 1155 πεπαίτερος,
751 1081 837 1136 reete
870 1072 900 1135 ei
932 1072 964 1135 in
986 1069 1144 1155 Stephani
1165 1069 1316 1134 thesauro

221 1180 339 1264 opponi
362 1178 509 1243 videtur:
532 1179 613 1264 „nisi
627 1178 711 1243 forte
733 1177 777 1242 ibi
791 1179 898 1264 potius
920 1178 1045 1243 mollior
1065 1178 1162 1241 moris
1184 1177 1316 1253 maturis

222 1289 288 1352 sive
310 1287 377 1350 sole
399 1287 585 1370 percoctis.“
631 1285 728 1351 Aliud
757 1285 950 1351 adieetivum
978 1276 1102 1370 ὡραῖος
1129 1285 1240 1349 eadem
1260 1306 1316 1348 no·

222 1396 308 1459 tione
322 1392 512 1479 praeditum,
535 1415 600 1479 qua
620 1394 751 1475 πέπων,
772 1393 814 1458 ab
829 1392 985 1478 Euripide
998 1391 1039 1457 ad
1054 1402 1193 1458 aetatem
1207 1391 1316 1457 huma-

220 1523 295 1565 nam
317 1503 363 1565 ita
384 1501 588 1583 transfertur,
610 1511 646 1566 ut
668 1522 740 1565 eum
762 1499 932 1583 significet,
962 1501 1017 1585 qui
1038 1499 1079 1564 ad
1101 1500 1318 1564 maturitatem

221 1629 318 1694 quam
339 1607 473 1672 dicimus
496 1609 611 1673 aetatis
633 1609 702 1672 sive
723 1607 765 1672 ad
783 1616 922 1672 aetatem
947 1606 1185 1671 corroboratam
1206 1627 1317 1692 perve-

222 1718 278 1780 nit.
329 1715 403 1780 Hoo
434 1717 532 1799 igitur
560 1737 656 1780 sensu
685 1725 873 1799 usurpatum
902 1714 979 1780 illud
1012 1714 1166 1780 habemus
1196 1713 1317 1780 Phoen.

223 1845 253 1888 v.
274 1823 334 1889 968
355 1845 453 1909 seq.:

420 1919 522 2007 αύτός
544 1931 582 2010 δ’,
604 1928 642 1995 ἐν
663 1920 777 2016 ὡραίῳ
798 1923 860 2017 γὰρ
883 1926 1024 2015 έοταμεν
1044 1930 1118 2015 βίῳ,

421 2045 582 2122 θνγοκειν
603 2033 736 2122 έτοιμος
756 2039 918 2124 πατρίδος
939 2031 1145 2124 ἐκλυτήριον.

223 2145 347 2226 Quibus
369 2145 478 2211 verbis
500 2146 616 2229 Creon,
639 2147 689 2210 eui
711 2145 852 2211 Tiresias
875 2145 1095 2230 praedixerat,
1124 2146 1186 2208 nisi
1207 2146 1319 2209 immo·

221 2255 286 2318 lato
310 2253 482 2320 Menoeceo
504 2255 642 2339 patriam
664 2255 785 2318 servari
807 2274 872 2318 non
893 2274 1005 2338 posse,
1036 2253 1215 2337 seipsum,
1246 2273 1318 2316 oum

222 2363 286 2426 iam
308 2363 350 2426 sit
371 2371 477 2427 aetate
498 2361 714 2446 corroborata,
736 2361 794 2426 filii
814 2361 883 2425 loeo
898 2371 1035 2425 mortem
1054 2359 1234 2426 subiturum
1248 2382 1319 2427 esse

223 2468 397 2534 contendit.
440 2468 564 2534 Iterum
579 2479 687 2535 autem
701 2468 905 2551 adieetivum,
928 2468 969 2534 de
984 2490 1047 2554 quo
1062 2471 1179 2554 agitur,
1202 2469 1241 2533 fr.
1257 2469 1316 2534 801

222 2578 315 2642 nobis
337 2579 475 2642 occurrit
497 2601 504 2642 :

420 2679 597 2771 μοχθηρόν
618 2685 709 2752 έστιν
730 2676 826 2772 ἄνδρὶ
843 2679 1014 2773 πρεσβύτῃ
1034 2685 1135 2751 τέκνα

422 2793 558 2859 δίδωσιν
578 2785 671 2870 ὅστις
692 2782 810 2860 οὐκέθ’
832 2785 957 2879 ὡραῖος
977 2805 1091 2878 γαμεῖ·

423 2899 581 2966 δέσποινα
602 2893 665 2985 γὰρ
686 2901 819 2986 γέροντι
840 2902 974 2986 νυμφίῳ
995 2893 1087 2985 γονή.

224 3007 316 3086 Quae
337 3008 438 3072 verba
459 3009 519 3074 etsi
541 3018 692 3093 corrupta
712 2995 795 3092 sunt,
818 3019 936 3092 tamen,
959 3007 1036 3094 quid
1053 3007 1115 3072 hoo
1127 3008 1198 3073 looo
1213 3005 1319 3071 valeat

224 3107 340 3183 οὐκέθ’
362 3107 502 3202 ὡραῖος,
518 3125 566 3180 et
594 3139 635 3180 ex
655 3117 828 3201 vocabulo,
851 3115 935 3202 quod
958 3115 1128 3197 anteeedit,
1151 3107 1320 3201 πρεσβύτῃ

224 3235 256 3289 'et
284 3247 326 3288 ex
355 3245 411 3306 eo,
450 3222 536 3309 quod
568 3224 727 3308 sequitur,
758 3224 893 3309 γέροντι
927 3224 1005 3288 satis
1040 3232 1183 3307 apparet.
1234 3221 1320 3287 Nam

224 3321 340 3397 οὐκέθ’
363 3321 485 3415 ὡραῖος
506 3331 534 3395 is
555 3339 614 3414 est,
637 3332 692 3414 qui
712 3331 778 3394 iam
798 3341 906 3397 aetate
928 3329 1135 3396 corroborata
1156 3338 1321 3395 transacta

223 3437 265 3503 ad
286 3445 484 3503 senectutem
505 3438 662 3521 pervenit.
705 3436 878 3502 Praeterea
893 3439 1090 3502 eontrarium
1111 3437 1204 3502 huius
1225 3455 1319 3500 vooa-

224 3544 290 3610 buli
312 3537 423 3630 ύοορος
445 3555 477 3608 et
498 3544 540 3609 ab
556 3544 719 3630 Aeschylo
742 3555 773 3610 et
795 3544 836 3610 ab
851 3544 1007 3631 Euripide
1021 3545 1176 3610 translate
1197 3542 1320 3609 adhibi·

224 3663 292 3718 tum
313 3654 483 3718 invenitur.
527 3654 637 3738 Atque
658 3653 744 3739 apud
765 3654 854 3720 illum
875 3653 1005 3740 quidem
1019 3654 1113 3719 Eum.
1129 3675 1159 3718 v.
1174 3653 1236 3718 956
1252 3674 1319 3738 seq.

224 3761 303 3826 haee
323 3763 504 3846 leguntur:

573 3858 802 3955 ἀνδροκμῆτας
823 3869 852 3935 δ’
872 3858 939 3934 da?-

513 4055 515 4061 λ
574 3999 654 4062 ρους
675 3965 857 4043 οἷπεννέποι
878 3969 990 4061 τύχας,

223 4083 278 4149 ubi
304 4083 404 4150 verba
435 4073 567 4169 ἇαίροος
594 4077 701 4168 τύχας
729 4083 770 4148 de
796 4093 1002 4169 praematura
1029 4091 1133 4148 morte
1161 4080 1319 4146 dicuntur.

224 4190 339 4277 Neque
366 4191 493 4257 diversa
522 4201 598 4256 sunt
625 4191 666 4257 ab
697 4191 768 4276 his,
801 4213 883 4277 quae
911 4189 1075 4276 Euripidis
1103 4187 1183 4254 Heo.
1206 4210 1237 4252 v.
1258 4187 1322 4252 425

225 4307 383 4366 exstent:

1073 4414 1122 4477 4*
