3220 5014
840 442 882 510 98

314 654 438 718 oestrus
461 656 519 730 est,
542 637 691 731 quicum
712 646 767 712 illa
788 645 913 732 pungit,
945 643 986 712 ad
1008 643 1198 712 effrenatum
1220 664 1346 708 sursum
1367 664 1406 707 ea

314 754 460 839 impellit,
481 763 517 818 ut
535 756 629 840 qnasi
646 755 785 819 insanire
800 752 976 817 videantur.
1020 751 1128 831 Quare
1143 750 1183 815 de
1198 752 1267 837 ipsa
1282 751 1406 816 insania

315 862 504 928 vocabulum
526 857 658 947 οἶστρος
678 870 859 946 usurpatur.
903 860 1002 925 Cuius
1017 882 1090 925 usus
1106 860 1286 944 exemplum
1305 859 1403 924 habes

315 970 478 1056 Euripidis
500 969 597 1055 Hipp.
619 992 649 1033 v.
676 969 754 1034 1298
776 989 863 1054 seqq.
887 992 894 1032 :

464 1066 535 1142 ἄλλ’
548 1075 591 1154 ’ἐς
611 1070 682 1142 τόδ
703 1062 823 1162 ἦλθον,
845 1068 966 1152 παιδός
987 1073 1129 1154 ἐκδεῑξαι
1151 1074 1257 1158 φρένα
1307 1097 1310 1102 ’

424 1271 426 1276 ι
463 1188 526 1250 τοῦ
547 1163 608 1250 σοῦ
628 1184 767 1263 δικαίαν,
791 1173 837 1261 ὡς
857 1173 914 1248 ὑπ’
936 1171 1087 1259 εύκλεῖας
1106 1175 1205 1266 θάνῃ,

463 1293 519 1358 καὶ
540 1296 597 1378 σῆς
617 1285 774 1376 γυναικὸς
796 1287 940 1376 οἶστρον.

316 1400 444 1466 Deinde
465 1398 572 1466 Orest.
595 1421 625 1465 v.
647 1400 704 1464 791
731 1421 739 1462 :
839 1462 841 1466 .

513 1500 557 1594 μὴ
578 1509 657 1575 9εαῖ
677 1509 710 1593 μ’
732 1506 855 1592 οἴστρῳ
874 1501 1059 1591 κατάσχωσ

315 1617 420 1702 ipsam
441 1635 568 1700 quoque
588 1616 747 1680 insaniam
762 1615 916 1679 vocabulo
931 1614 985 1680 illo
1000 1613 1184 1699 significari,
1207 1637 1246 1679 ex
1262 1616 1309 1697 iis,
1325 1636 1405 1700 qnae

316 1731 493 1809 sequuntur
512 1744 542 1785 v.
565 1721 625 1786 793
647 1746 655 1784 ε

515 1820 659 1912 εὐλαβοῦ
680 1823 800 1916 λύσσης
820 1843 997 1914 μετασχεῖν
1016 1834 1075 1915 τῆς
1096 1829 1174 1915 ἐμῆς

316 1939 394 2005 satis
427 1948 570 2025 apparet.
630 1939 738 2023 Atque
772 1937 884 2003 eodem
916 1939 1078 2024 pertinent
1110 1948 1142 2004 et
1175 1959 1256 2023 quae
1287 1936 1404 2002 Bacch.

316 2070 346 2114 v.
368 2047 431 2113 664
452 2069 518 2133 seq.
539 2048 675 2132 legimus
697 2071 704 2111 ι

512 2147 638 2239 βάκχας
659 2148 843 2232 ποτνιάδας
864 2147 1006 2233 εἴσιδών,
1028 2153 1063 2219 οἳ
1083 2153 1180 2239 τῆσδε
1200 2157 1259 2238 γῆς

515 2262 677 2349 οἴστροισι
696 2256 819 2330 λευκόν
838 2267 950 2329 κὀῦῖον
971 2256 1195 2348 ἐξηκόντισαν,
1257 2279 1261 2286 ’

317 2379 349 2435 et
370 2391 452 2459 quae
473 2369 569 2434 Herc.
592 2371 651 2436 fur.
675 2393 706 2435 v.
731 2370 811 2434 1144
832 2372 901 2456 ipse
921 2369 1077 2434 Hercules
1099 2369 1220 2453 profert
1243 2393 1250 2432 :

513 2483 583 2544 ποῦ
604 2479 632 2544 δ
654 2474 788 2565 οἶστρος
809 2468 892 2564 ἡμᾶς
914 2475 1030 2558 ἔλαβες

316 2585 485 2654 Accedunt
505 2586 565 2651 loci
587 2585 770 2670 Euripidei‚
800 2586 915 2674 quibus
949 2607 1006 2672 pro
1027 2587 1147 2670 impetu
1169 2585 1308 2670 quedam
1330 2585 1404 2648 fmi-

317 2694 424 2760 bundo
455 2689 587 2781 οἶστρος
615 2693 741 2764 dieitur.
792 2693 865 2774 Quo
893 2715 990 2760 sensu
1010 2703 1197 2779 usurpatum
1217 2693 1406 2758 vocabulum

317 2803 409 2868 nobis
432 2803 569 2868 occurrit
589 2802 686 2868 Here.
708 2802 769 2868 sar.
790 2824 821 2868 v.
843 2802 900 2868 861
926 2823 993 2886 seq.
1016 2827 1023 2868 ι

514 2901 598 2984 οὔτε.
615 2903 743 2991 πόντος
765 2900 844 2976 ούτε
865 2903 1007 2994 κύμασιν
1028 2911 1156 2977 στένων
1175 2903 1298 2996 λάβρος

378 3007 457 3084 ούτε
477 3023 536 3104 γῆς
556 3012 686 3103 σεισμός
707 3022 872 3104 κεραυνοῦ
893 3019 922 3084 τ’
944 3015 1076 3104 οἶστρος
1096 3008 1220 3096 οόδῑνας
1239 3019 1354 3084 πνέων

317 3135 350 3190 et
369 3125 441 3212 Iph.
464 3125 560 3191 Taur.
582 3148 614 3191 v.
637 3125 717 3192 1455
738 3147 816 3212 seq,
837 3126 892 3190 ubi
913 3125 1078 3192 Menelaus
1100 3126 1216 3192 dieitur
1238 3150 1245 3191 :
1358 3137 1359 3142 ’

713 3237 888 3319 περιπλῶν
908 3235 988 3301 καθ’
1006 3225 1145 3300 Ἐλλάδα

516 3339 660 3428 οἴστροις
677 3329 843 3429 Ἐρινύων.

316 3448 448 3513 Furoris
469 3457 636 3534 praeterea
657 3451 788 3514 notione
809 3450 987 3536 praeditam
1002 3471 1114 3514 vocem
1128 3449 1215 3514 illam
1228 3451 1407 3515 invenimus

317 3555 387 3642 Iph.
410 3555 484 3622 Aul.
507 3578 537 3620 v.
556 3555 619 3621 544
641 3578 730 3642 seqq.
753 3581 761 3620 ε

398 3657 543 3749 μάκαρες
565 3663 599 3730 οἳ
617 3664 753 3750 μετρῖας
773 3667 860 3731 θεοῦ
880 3665 963 3749 μέτα
984 3687 1020 3730 τε
1042 3658 1261 3752 σωφροσύνας
1280 3691 1355 3752 μετ-

401 3771 499 3856 έσχον
515 3772 666 3859 λέκτρων
689 3759 892 3859 Ἀφροδίτας,

399 3881 557 3970 γαλανείᾳ
576 3873 777 3966 χρησάμενοι
797 3881 1009 3966 μαινομένων
1030 3879 1174 3966 οἴστρων

318 3997 417 4073 etque
436 3988 507 4073 Iph.
527 3987 623 4053 Taur.
646 4010 676 4052 ν.
699 3988 761 4054 394
782 4009 872 4075 seqq.
895 4012 902 4052 :

519 4093 561 4162 ἶν’
583 4091 715 4181 οἶστρος
737 4087 755 4162 ὃ
777 4090 975 4183 πιστούμενος
998 4086 1157 4184 Ἀργόθεν

517 4193 637 4284 άξενον
657 4203 710 4272 ἐπ’
731 4200 829 4290 οἶδμα
851 4204 1046 4291 διεπέρασεν
1066 4194 1155 4284 Ἰοῦς.

320 4312 373 4378 Ad
395 4312 480 4398 quod
500 4312 630 4398 quidem
645 4313 825 4398 exemplum
839 4335 911 4391 eum
924 4314 1069 4399 proxime
1083 4313 1237 4382 secedant
1253 4315 1408 4402 quaedam
