3220 5014
725 470 766 536 33
865 469 869 478 .

196 678 304 760 Atque
336 695 408 739 cum
439 671 480 736 de
511 695 605 738 curru
636 674 703 738 sive
732 672 772 739 de
800 672 944 760 partibus
977 673 1044 738 eius
1075 681 1206 758 agatur,
1247 696 1288 740 ex

194 780 348 869 Euripide
369 789 536 866 praeterea
557 779 618 845 huc
639 779 842 846 referendum
863 781 992 846 videtur
1012 779 1146 846 verbum
1169 803 1286 868 τροχη·

194 894 309 955 λατεῑν
330 885 545 973 metaphorice
565 898 763 974 usurpatum.
807 887 901 968 Quod
919 888 1047 974 quidem
1066 909 1138 955 cum
1159 869 1288 975 proprie

195 995 354 1081 significet
375 1003 479 1059 rotam
500 995 663 1081 impellere
684 1007 716 1060 et
737 996 778 1062 ad
800 1018 926 1062 cursum
947 998 1096 1078 incitare,
1125 999 1167 1064 ad
1187 1000 1287 1066 homi·

194 1127 268 1171 nem
291 1104 500 1189 transfertur,
531 1124 625 1188 quem
654 1104 725 1188 quis
747 1103 892 1169 celeriter
911 1104 1016 1188 agitat
1037 1114 1069 1170 et
1090 1107 1286 1192 circumagit.

195 1212 303 1293 Quare
325 1213 365 1278 de
387 1212 511 1296 Oreste,
533 1233 628 1298 quem
650 1221 781 1297 propter
802 1213 913 1278 matris
947 1212 1077 1279 caedem
1098 1214 1217 1280 Furiae
1240 1216 1286 1281 in-

193 1331 365 1405 sectantur,
389 1321 446 1389 Or.
468 1343 498 1384 v.
520 1321 561 1386 36
585 1319 730 1384 dicitur:

490 1421 531 1494 τὸ
554 1422 679 1514 μητρὸς
699 1429 728 1493 d
747 1422 826 1514 αἷμά
847 1451 901 1494 νιν
921 1434 1128 1516 τροχηλατεῖ,

195 1559 276 1623 qnae
306 1547 432 1602 vertere
459 1536 564 1602 licet:
595 1537 706 1600 matris
741 1545 848 1601 autem
885 1536 999 1601 caedes
1029 1558 1101 1602 eum
1132 1539 1285 1623 exagitat.

194 1645 292 1710 Recte
313 1646 412 1730 igitur
428 1643 618 1729 Hesychius,
643 1642 786 1727 Photius,
808 1641 924 1712 Suidas
945 1648 1163 1731 τροχηλατεῑν
1185 1646 1284 1731 expli-

197 1762 270 1817 cant
290 1746 449 1818 ἐλαύνειν.
493 1751 704 1836 Eandemque
733 1750 826 1816 huius
853 1750 944 1817 verbi
965 1775 1057 1818 usum
1078 1752 1128 1818 El.
1151 1776 1182 1819 v.
1206 1755 1286 1820 1252

196 1882 259 1947 seq.
280 1861 444 1944 habemus,
466 1859 521 1925 ubi
543 1861 606 1946 ipsi
627 1880 753 1947 quoque
777 1858 903 1944 Oresti,
935 1860 991 1946 qui
1024 1847 1118 1938 modo
1152 1872 1287 1928 matrem

192 1969 363 2053 interfecit,
385 1991 405 2034 a
426 1969 596 2033 Dioscuris
616 1967 696 2032 haec
717 1968 907 2032 nuntiantur
929 1989 936 2031 :

392 2077 496 2142 δειναὶ
518 2076 554 2142 δὲ
576 2076 683 2164 Κῆρες
703 2077 732 2142 σ’
754 2075 789 2141 αἱ
810 2070 996 2153 κυνώπιδες
1016 2078 1096 2142 θεαὶ

393 2179 671 2270 τροχηλατήσουο)
693 2182 818 2270 ἐμμανῆ
838 2178 1069 2269 πλαναμενον.

278 2292 348 2356 Iam
370 2312 446 2356 vero
469 2291 636 2356 afferamus
660 2314 698 2356 ea
719 2312 802 2377 quae
823 2290 865 2356 ab
886 2293 975 2377 equis
1006 2289 1173 2357 domandis
1194 2313 1284 2378 prae·

196 2411 284 2466 terea
303 2398 450 2486 profecta
470 2409 544 2464 sunt
565 2400 695 2482 similia,
726 2419 860 2484 quorum
889 2399 967 2464 satis
997 2399 1097 2464 multa
1124 2397 1164 2464 de
1193 2397 1284 2464 freno

195 2517 328 2593 uterque
342 2516 439 2593 pocta
453 2504 637 2592 desumpsit.
674 2507 784 2592 Atque
797 2506 997 2571 vinculorum
1012 2506 1140 2592 quidem
1154 2508 1285 2572 notione

194 2626 379 2702 usurpatam
400 2635 511 2680 vocem
524 2607 660 2699 χαλινὸς
674 2615 758 2701 apud
774 2613 968 2700 Aeschylum
983 2615 1161 2680 invenimus
1179 2615 1284 2681 Prom.

193 2725 448 2809 v.561seqq.=

688 2831 764 2896 τίνα
786 2833 839 2912 φεῖ
862 2824 1012 2896 λεύσσειν

441 2933 541 3006 τόνδε
561 2943 709 3023 χαλινοῖς
730 2938 768 3005 ἐν
788 2939 995 3025 πετρίνοισιν

438 3041 701 3133 χειμαζόμενον;

194 3153 322 3220 Deinde
342 3175 425 3240 quae
443 3153 563 3220 ibidem
585 3174 613 3218 v.
635 3155 695 3221 671
719 3176 788 3242 seq.
809 3155 945 3240 legimus
968 3178 976 3219 ε

689 3251 760 3328 ἀλλ’
781 3255 989 3348 ἐπηνάγκαζέ
1007 3283 1062 3326 νιν

391 3362 468 3446 Διὸς
488 3361 623 3454 χαλινὸς
643 3363 730 3455 πρὸς
748 3371 827 3450 βίαν
847 3364 1008 3455 πράσσειν
1028 3361 1119 3448 τάδε,

193 3476 234 3542 ad
255 3476 342 3542 Iovis
364 3478 482 3542 iussum
503 3479 675 3563 pertinent,
697 3477 753 3563 qui
774 3479 866 3563 quasi
888 3477 979 3542 freno
1001 3497 1117 3560 regens
1139 3475 1283 3541 homines

193 3585 289 3668 cogit,
315 3593 352 3648 ut
372 3585 471 3669 ipsius
493 3585 650 3650 voluntati
679 3584 859 3650 oboediant.
910 3582 963 3648 De
990 3583 1118 3648 homine
1147 3583 1284 3669 denique

192 3692 383 3775 contumaci,
404 3693 458 3778 qui
480 3693 554 3776 equi
574 3693 676 3758 instar
696 3693 785 3777 quasi
807 3692 934 3757 frenum
953 3693 1020 3776 pati
1033 3693 1143 3777 nescit,
1165 3692 1282 3777 Agam.

192 3822 222 3865 v.
247 3800 326 3866 1066
345 3799 426 3865 hacc
447 3800 596 3865 dicuntur
617 3822 625 3862 ε

488 3900 626 3993 χαλινὸν
647 3908 675 3973 d
698 3897 760 3974 oria
781 3907 956 3975 ἐπίσταται
977 3907 1099 3993 φέρειν.

192 4014 381 4095 Quaerere
402 4015 573 4102 Euripides
595 4015 633 4080 fr.
655 4016 717 4082 495
738 4037 768 4078 v.
791 4017 811 4080 2
832 4035 920 4100 seqq.
944 4017 1071 4102 scripsit
1093 4040 1100 4080 :

786 4116 853 4208 6χώ
874 4122 1003 4200 δέπας

389 4236 475 4317 μισῶ
495 4233 655 4316 γελοίους,
677 4229 798 4310 οἵτινες
819 4235 936 4313 σοφῶν
957 4231 1034 4316 πέρι

390 4329 518 4424 ἀχάλιν’
540 4337 651 4425 ἔχουσι
672 4334 833 4425 στόματα,

1061 4455 1082 4518 3
