3220 5014
909 441 951 510 20

831 534 1027 542 m

335 653 338 664 '
385 651 457 711 'cum
479 646 595 711 ceteris
618 645 814 731 quadriiugis
829 643 890 710 sihi
905 645 1084 710 consociato
1100 644 1283 728 delectetur,
1305 644 1346 710 ad
1361 666 1470 712 omnes

387 739 460 819 belli
500 776 591 818 casus
632 775 738 819 secum
773 752 1050 817 communicandos
1086 753 1352 838 promptissimum
1384 753 1470 818 illum

387 863 484 927 fuisse
505 862 591 926 dicit.
635 860 828 926 Addendum
850 871 908 944 est,
930 862 1033 946 ipsum
1056 859 1132 926 illud
1153 863 1304 945 ζευχθεὶς
1318 861 1472 926 translate

386 971 449 1034 dici
470 980 566 1055 atque
587 970 627 1034 de
648 971 877 1053 communione,
900 969 1002 1054 qualis
1025 970 1099 1053 iugo
1122 969 1271 1053 efficitur,
1300 969 1341 1035 ad
1369 977 1471 1034 artam

386 1080 472 1143 illam
493 1076 760 1142 necessitudinem
781 1076 958 1159 transferri,
981 1097 1043 1160 qua
1064 1074 1177 1141 Ulixes
1207 1097 1278 1140 cum
1300 1077 1471 1161 Agamem·

386 1206 469 1249 none
492 1185 678 1248 coniunctus
700 1180 795 1248 erat(
821 1183 892 1262 Qua
915 1183 955 1249 de
975 1205 1010 1248 re
1031 1181 1115 1248 infra
1129 1183 1237 1248 fusius.
1247 1183 1472 1268 disputandum

387 1293 456 1376 erit,
487 1291 542 1355 uhi
569 1291 659 1356 verbi
688 1284 862 1375 ζευγνύναι
890 1313 982 1356 usum
1011 1292 1261 1378 metaphoricum
1289 1291 1389 1357 fusius
1419 1313 1471 1356 ex·

386 1421 549 1486 ponemus.
591 1398 706 1484 Neque
728 1398 880 1463 hocloco
902 1397 1111 1466 omittendum
1134 1409 1200 1482 est,
1227 1401 1359 1464 alteram
1386 1399 1472 1464 illam

386 1507 523 1572 formam
554 1518 716 1592 σειραῖος,
759 1527 854 1591 quam
893 1506 978 1571 idem
1009 1507 1115 1572 valere
1146 1516 1243 1593 atque
1274 1500 1473 1592 σειραφόρος

386 1616 549 1700 superiore
580 1615 634 1680 illo
667 1615 736 1679 loco
768 1615 1012 1700 explicavimus,
1044 1615 1129 1701 apud
1160 1615 1347 1700 Euripidem
1380 1615 1473 1680 nobis

387 1745 569 1806 occurrere,
600 1723 688 1786 cuius
709 1721 807 1787 Hero.
829 1721 889 1785 hir.
912 1744 942 1785 v.
963 1722 1025 1786 445
1047 1744 1113 1807 seq.
1136 1722 1176 1787 de
1196 1721 1346 1789 Herculis
1373 1744 1473 1786 uxore

389 1852 460 1895 oum
481 1829 588 1895 liberis
610 1831 888 1918 appropinquante
916 1829 1031 1895 chorus
1052 1829 1146 1914 dicit,
1174 1853 1209 1896 se
1229 1831 1339 1895 videre
1360 1831 1442 1896 illius
1464 1855 1473 1894 ι

632 1927 757 2021 ἄλοχόν
777 1959 816 2002 τε
838 1938 939 2022 φίλην
959 1927 1026 2003 ὑπὸ
1049 1939 1205 2024 σειραίοις

632 2046 733 2111 ποσὶν
754 2041 915 2111 ἕλκουσαν
935 2045 1046 2112 τέκνα.

388 2153 510 2232 Quibus
538 2152 644 2217 verbis
665 2151 818 2235 Megarae
847 2153 943 2237 pedes
974 2155 1064 2240 quasi
1093 2155 1213 2218 catenis
1245 2155 1313 2218 sive
1341 2152 1474 2218 habenis

387 2262 489 2327 iuncti
511 2259 743 2343 describuntur,
765 2269 801 2325 ut
822 2261 885 2325 iam
906 2283 1004 2346 aegre
1025 2261 1110 2326 illam
1131 2261 1217 2326 fessa
1237 2261 1364 2326 trahere
1378 2282 1472 2326 mem·

389 2369 447 2433 bra
467 2388 651 2452 cognoscas.
693 2367 815 2432 Eadem
838 2378 1004 2452 praeterea
1024 2370 1154 2433 notione
1182 2367 1377 2454 praeditum,
1410 2389 1474 2453 qua

386 2468 586 2562 σειραφόρος
600 2477 668 2540 sive
682 2486 833 2560 σειραῖος,
856 2475 952 2539 etiam
966 2468 1167 2561 παράσειρος
1184 2486 1366 2561 usurpatur,
1388 2475 1473 2561 quod

387 2583 471 2669 apud
494 2583 629 2648 eundem
650 2592 777 2668 poetam
798 2583 839 2646 de
860 2582 991 2667 Pylade,
1012 2582 1077 2648 fido
1099 2583 1225 2651 Orestis
1247 2584 1378 2666 comite,
1408 2582 1473 2647 dic·

386 2701 455 2757 tum
485 2692 673 2756 invenimus.
732 2690 796 2770 Qui
825 2713 897 2755 cum
926 2712 1050 2756 summa
1077 2691 1293 2758 familiaritate
1320 2711 1391 2756 cum
1419 2691 1472 2755 illo

387 2801 574 2865 coniunctus
595 2801 644 2882 sit,
669 2798 776 2864 Orest.
801 2819 829 2862 v.
854 2798 964 2862 1017:

593 2981 596 2986 Δ
680 2907 761 2972 ποδὶ
780 2899 955 2992 κηδοσύνῳ
976 2899 1176 2991 παράσειρος

387 3035 407 3078 a
427 3013 523 3078 choro
545 3014 731 3099 appellatur.
774 3012 888 3078 Restat
909 3035 929 3077 a
949 3035 1028 3078 voce
1042 3007 1133 3098 σειρά
1148 3013 1327 3079 derivatum
1341 3013 1473 3078 verbum

386 3110 628 3206 ἄνασειράζειν,
660 3121 745 3208 quod
778 3120 819 3186 ab
848 3123 917 3206 ipso
949 3143 1076 3206 quoque
1104 3121 1257 3208 Euripide
1285 3131 1473 3206 usurpatum

386 3230 448 3295 huo
474 3229 676 3294 referendum
707 3240 765 3294 est.
818 3228 868 3292 Ac
896 3230 1024 3315 proprie
1054 3229 1180 3314 quidem
1208 3228 1284 3314 qnid
1315 3228 1473 3314 significet

386 3338 447 3403 hoo
468 3337 610 3421 verbum,
633 3359 673 3401 ex
693 3335 857 3420 Hesychio
879 3343 1022 3421 apparet,
1045 3338 1099 3421 qui
1121 3336 1281 3422 explicat:
1302 3327 1472 3422 ἀνασειρά-

387 3450 516 3527 ζουσιν·
539 3433 770 3523 ἀνθέλκουσιν,
791 3433 1042 3508 ανακύπτουσιν
1070 3453 1103 3508 et
1123 3445 1323 3530 participium
1345 3434 1471 3510 ἀνασει-

386 3546 513 3638 ράζοον·
542 3543 662 3638 ἄγχων,
684 3541 729 3628 ὡς
750 3540 818 3616 ἀπὸ
839 3554 898 3636 τῆς
919 3555 1044 3636 σειρᾶς·
1074 3551 1120 3648 εἰς
1148 3545 1190 3618 τὰ
1220 3542 1328 3618 ὀπίσω
1356 3549 1470 3618 ἕλκων.

386 3659 448 3725 Est
467 3661 566 3745 igitur
589 3671 702 3726 catena
721 3659 884 3726 retrahere
911 3659 980 3724 sive
1007 3659 1186 3744 refrenare,
1214 3660 1471 3747 accipiendo're·

387 3766 512 3833 frenare
533 3791 591 3855 pro
620 3768 782 3833 retrahere
810 3767 918 3851 freno,
950 3767 1034 3853 quod
1064 3769 1184 3836 Suidae
1210 3770 1472 3855 interpretatione

387 3874 628 3961 comprobatur,
660 3877 748 3940 cuius
777 3874 877 3940 verba
905 3885 1007 3941 sunt:
1040 3866 1263 3963 ἄνασειράζει·
1305 3867 1470 3958 dedalum,
1566 3887 1567 3912 ¹

386 3971 578 4068 ἀνατρέπει·
601 3981 638 4048 ἐν
658 3972 915 4069 Ἐπιγράμιιατι·

585 4080 643 4174 he
664 4080 879 4176 α’νασειράςοο,
903 4091 959 4156 καὶ
979 4084 1082 4156 πάλιν
1102 4082 1176 4176 ἄγχι
1195 4091 1295 4177 μένω.

386 4186 591 4284 ἄνασειράζω
633 4183 710 4278 οὖν,
752 4188 951 4282 ἄναχαλινῶ.
1014 4197 1192 4285 Improprie
1234 4211 1340 4266 autem
1371 4199 1469 4286 Hipp.

387 4328 416 4372 v.
438 4307 499 4371 236
520 4329 585 4394 seq.
609 4306 752 4371 dicitur:
