3220 5014
814 416 855 482 ‘12

491 620 603 706 φίλημ’
625 617 736 700 ἐδέξω,
757 609 922 704 προδότιν
943 611 1111 684 autumo
1131 608 1225 683 κύνα.

293 729 403 817 Atque
423 750 506 816 quae
526 727 611 816 apud
633 727 771 794 eundem
791 736 920 814 poetam
941 725 1023 792 Hoc.
1044 747 1074 792 u.
1100 726 1179 791 1172
1201 747 1267 811 seq.
1290 724 1383 810 Poly-

293 848 413 904 mestor
435 836 520 915 dicit,
542 835 701 902 Thraciae
720 857 779 901 rex
801 858 808 898 :

790 939 885 1007 ἐκδὲ
905 933 1054 1027 κηδέσας
1074 934 1150 1027 ἐγὼ,

491 1045 560 1138 θὴρ
582 1038 636 1131 δὸς,
657 1043 770 1117 διώκω
790 1043 851 1128 τὸις
870 1042 1071 1135 μιαιφόνους
1090 1043 1203 1132 κύνας,

293 1162 335 1228 ad
357 1170 467 1248 captas
489 1160 634 1226 mulieres
657 1159 814 1225 Troianas
835 1168 991 1245 spectant,
1013 1180 1096 1246 quae
1120 1157 1289 1244 Polydori,
1319 1157 1384 1223 He·

295 1270 396 1336 cubae
416 1269 483 1353 filii,
506 1267 636 1332 caedem
658 1268 868 1350 ulciscentes,
897 1267 981 1331 illius
1011 1267 1129 1332 liberos
1156 1267 1385 1332 interfecerunt

293 1380 419 1466 ipsique
433 1377 503 1461 regi
519 1377 626 1441 oculos
642 1375 830 1441 effoderunt.
873 1375 998 1441 Eodem
1011 1375 1181 1441 referenda
1198 1385 1281 1458 sunt,
1304 1397 1386 1461 quae

294 1485 448 1570 Aeschyli
469 1485 585 1568 Agam.
607 1505 638 1548 v.
665 1483 742 1549 1227
765 1505 854 1571 seqq.
876 1484 1012 1569 legimus
1035 1483 1235 1550 Cassandrae
1257 1484 1356 1550 verba
1378 1507 1384 1548 :

493 1595 580 1658 νεῶν
600 1591 630 1656 τ’
652 1589 796 1677 ἔπαρχος
816 1583 912 1658 Ἰλίου
931 1592 961 1657 τ’
982 1580 1168 1679 ἀναστάτης

494 1689 558 1766 oda
578 1695 670 1766 οἶδεν
691 1694 746 1766 ola
767 1704 899 1784 γλῶσσα
921 1705 1057 1788 μισητῆς
1077 1693 1178 1778 κυνὸς

493 1809 612 1890 λέξασα
632 1799 833 1876 κάκτείνασα
856 1804 1068 1897 φαιδρδνους,
1091 1811 1185 1897 δίκην

493 1907 573 2004 ἄτης
594 1919 770 2003 λαθραίου,
791 1912 942 2000 τεύξεται
962 1923 1048 2004 κακη
1067 1922 1159 2004 τυχη.

295 2027 368 2108 Quo
389 2027 459 2093 looo
480 2020 598 2114 μισητὴ
618 2020 711 2094 κύων
733 2026 989 2113 Clytaemnestra
1009 2037 1152 2113 vocatur,
1180 2050 1252 2094 cum
1272 2028 1387 2093 marito

296 2134 395 2201 Troia
415 2156 546 2200 reverso
567 2156 679 2200 necem
700 2135 859 2201 moliatur.
903 2135 963 2202 Cui
993 2137 1126 2221 imagini
1156 2136 1238 2201 bone
1259 2135 1314 2200 illa
1333 2135 1387 2200 ad·

295 2244 453 2328 iungitur,
475 2264 538 2328 qua
560 2241 702 2329 Choeph.
726 2264 755 2307 v.
778 2244 840 2308 614
869 2234 890 2309 δι
917 2237 1099 2329 κυνόφρων
1119 2243 1229 2329 Scylla
1248 2243 1387 2329 appella-

296 2359 358 2435 tur,
379 2349 455 2416 Nisi
475 2349 549 2434 filia,
573 2372 656 2436 quae
676 2349 794 2416 Minois
816 2350 908 2416 donis
929 2361 1088 2417 commota
1108 2352 1206 2416 comis
1221 2351 1387 2437 purpureis

296 2467 424 2546 patrem
444 2458 599 2544 privavit,
633 2456 750 2544 quibus
781 2459 828 2523 roi
860 2458 1007 2544 publicae
1039 2459 1123 2524 salus
1155 2459 1387 2524 continebatur.

296 2566 367 2632 Nee
388 2565 622 2653 praetereunda
644 2574 719 2631 sunt
739 2564 848 2648 verba,
880 2565 994 2653 quibus
1015 2588 1091 2630 usus
1112 2565 1289 2632 Mercurius
1312 2566 1388 2631 Pro-

296 2674 458 2741 metheum
490 2696 510 2739 a
540 2672 627 2738 Iovis
657 2673 764 2761 aquila
803 2673 1010 2740 dilaceratum
1041 2675 1080 2739 iri
1111 2675 1251 2740 minatum
1283 2675 1388 2740 Prom.

299 2783 574 2869 v.1021seqq.:

930 2883 1008 2968 Διὸς
1029 2890 1067 2958 δέ
1086 2913 1141 2958 τοι

495 2991 622 3084 πτηνὸς
644 2992 746 3079 κύων,
767 2992 928 3081 δαφοινὸς
949 2988 1056 3080 ἀετὸς,
1078 2993 1209 3086 λάβρως

495 3101 707 3194 διαρταμήσει
728 3100 882 3192 σώματος
902 3108 984 3193 μέγα
1005 3100 1116 3194 ῥάκος.

296 3213 364 3282 Ubi
385 3207 463 3294 Διὸς
484 3209 611 3302 πτηνὸς
631 3210 724 3282 κύσον
753 3217 821 3280 avis
848 3215 904 3280 illa
931 3218 1132 3302 nominatur,
1161 3217 1280 3304 quippo
1307 3238 1389 3304 quae

296 3323 470 3408 perniciem
498 3323 688 3390 Prometheo
720 3324 828 3388 vincto
858 3332 1026 3410 paraturus
1055 3325 1105 3390 sit.
1160 3323 1224 3404 Qui
1252 3324 1389 3411 donique

296 3430 390 3495 nobis
412 3431 550 3495 occurrit
570 3431 658 3496 loeus
681 3430 823 3516 Choeph.
845 3453 875 3496 u.
897 3431 960 3497 446
980 3453 1046 3517 seq.
1069 3456 1076 3497 :

495 3541 603 3623 μυχοῦ
625 3538 653 3604 δ
673 3529 839 3626 ἄφερκτος
859 3539 1045 3606 πολυσένου
1065 3533 1166 3617 κυνὸς
1187 3540 1289 3626 δίκην,

497 3639 697 3731 ἑτοιμότερα
718 3647 865 3731 γέλωτος
886 3636 1052 3733 ἀνέφερον
1072 3647 1156 3734 λίβη,

494 3754 618 3838 χέουσα
639 3748 854 3842 πολύδακρυν
873 3749 957 3840 γόον
978 3755 1213 3842 κεκρυμμένον,

298 3884 336 3928 eo
357 3862 489 3928 Electra
510 3884 581 3928 oum
604 3885 683 3928 cane
698 3885 733 3928 se
747 3864 880 3947 confert,
903 3865 978 3951 quia
992 3873 1084 3950 patre
1099 3886 1119 3929 a
1133 3863 1391 3950 Clytaemnestra

298 3979 332 4036 ot
361 3970 501 4055 Agistho
529 3981 644 4036 necato
675 3993 784 4037 omnes
820 3971 1029 4057 indignitates
1057 3973 1330 4058 contumeliaeque
1356 3976 1389 4038 in

300 4077 383 4143 illius
405 4077 500 4142 domo
523 4077 584 4142 sibi
605 4078 815 4164 perferendae
836 4080 909 4144 sint.
945 4079 1128 4164 Significari
1141 4080 1241 4164 igitur
1256 4089 1390 4166 apparot

299 4184 465 4271 indignam
495 4185 655 4272 quandam
683 4186 843 4252 amandi
872 4189 1044 4272 rationem,
1074 4209 1138 4275 qua
1164 4189 1216 4252 vel
1236 4186 1318 4253 fidus
1339 4189 1391 4254 ille

300 4293 413 4360 domus
443 4305 550 4360 custos
580 4317 676 4381 saepe
703 4296 846 4362 afficitur.
896 4296 1083 4382 Eademque
1111 4296 1151 4362 de
1171 4319 1207 4361 re
1228 4297 1389 4382 profectus
