3220 5014
841 455 885 520 36

764 545 961 556 *an-

514 661 695 742 μεσολαβεῖ
712 657 842 743 κέντρῳ

514 756 583 832 ὑπὸ
605 766 738 851 φρένας,
759 756 826 831 ὑπὸ
848 758 961 846 λοβόν.

319 873 428 958 Atque
450 875 546 938 etiam
568 873 653 958 apud
673 872 861 959 Euripidem
881 874 959 937 satis
974 875 1141 959 perspicua
1165 874 1257 939 huius
1279 875 1406 958 generis

318 982 426 1065 imago
448 980 545 1046 Herc.
568 980 629 1047 fur.
652 1002 682 1045 v.
705 981 747 1046 20
767 981 860 1045 nobis
882 981 1028 1063 occurrit,
1050 981 1105 1046 ubi
1125 982 1254 1046 verba:

807 1079 909 1174 Ἥρας
928 1078 996 1154 ὑπὸ

665 1195 817 1281 κέντροις
838 1196 1019 1282 δαμασθεὶς

319 1303 359 1370 de
381 1304 520 1370 Hercule
552 1303 718 1388 dicuntur,
749 1325 846 1389 quem
876 1325 914 1368 ex
936 1302 1095 1368 Alcmena
1116 1325 1135 1368 a
1155 1304 1234 1370 Iove
1255 1307 1408 1390 genitum,

319 1432 391 1476 cum
413 1414 455 1476 sit
476 1412 619 1478 aemulae
638 1411 732 1494 filius,
755 1412 806 1475 dei
827 1433 909 1476 uxor
930 1411 1011 1476 Iuno
1042 1412 1115 1476 odio
1145 1414 1274 1478 incensa
1303 1436 1428 1499 perse·v

321 1522 427 1606 quitur
450 1528 482 1584 et
503 1520 596 1604 quasi
617 1518 745 1583 stimulo
761 1528 895 1582 coercet.
929 1520 984 1584 De
995 1517 1142 1585 Phaedra
1164 1519 1278 1586 deinde
1300 1543 1408 1586 amore

320 1649 397 1712 erga
418 1625 630 1713 Hippolytum
651 1625 793 1709 ardente,
815 1625 914 1712 Hipp.
937 1648 967 1690 v.
988 1626 1028 1692 38
1050 1649 1117 1713 seq.
1139 1627 1255 1694 dicitur
1277 1651 1284 1692 :

517 1733 666 1800 ἐνταῦθα
688 1727 728 1819 δὴ
749 1733 911 1800 στένουσα
932 1722 1210 1822 κάκπεπληγμένη

517 1842 667 1928 κέντροις
682 1831 827 1927 ’Ἑρωτος
848 1831 868 1927 ἦ
888 1835 1017 1907 τάλαιν’
1038 1831 1235 1922 α’τιόλλυται,

318 1960 416 2038 atque
437 1949 550 2016 eodem
570 1958 727 2036 spectant,
750 1971 832 2035 quae
854 1949 972 2028 ibidem
987 1972 1017 2014 v.
1037 1951 1114 2016 1301
1131 1971 1219 2037 seqq.
1236 1951 1408 2033 legimtur:

764 2061 823 2143 τῆς
842 2051 905 2142 γὰρ
926 2055 1089 2144 έχθίστης·
1102 2061 1196 2124 θεῶν

497 2157 603 2260 ημῖν,
626 2156 735 2232 ὅσοισι
755 2165 964 2250 τιαρθέναιος
984 2155 1096 2251 ἡδονὴ,

518 2275 677 2360 δηχθεῖσα
697 2273 848 2358 κέντροις
868 2266 989 2351 παιδός
1008 2262 1141 2360 ἠράσθη
1161 2275 1271 2340 σέθεν.

320 2381 475 2447 Similiter
496 2381 535 2446 de
556 2381 659 2446 morbi
682 2381 835 2464 stimulis,
869 2379 983 2466 quibus
1015 2381 1159 2447 homines
1189 2393 1349 2447 vexentur
1377 2393 1409 2448 et
1437 2461 1444 2472 υ

318 2488 539 2572 conficiuntur,
562 2488 779 2573 intellegenda
807 2497 881 2553 sunt
903 2488 1057 2574 Aeschyli
1077 2489 1185 2556 Prom.
1206 2512 1237 2556 v.
1259 2491 1321 2556 596
1342 2513 1408 2576 seq.
1438 2475 1441 2480 v

319 2595 447 2662 verba:

518 2696 688 2770 θεόσυτόν
707 2727 744 2769 τε
766 2696 869 2769 νόσον
891 2695 1076 2788 οόνομάσας,
1099 2691 1120 2770 d

516 2812 669 2897 μαραίνει
688 2833 734 2896 με,
750 2813 888 2896 χρίουσα
908 2811 1068 2896 κέντροις.

321 2923 351 2984 Α
373 2920 487 3005 quibus
518 2921 574 2983 vix
606 2918 733 2984 diversa
755 2928 841 2984 sunt·
858 2920 930 2984 sive
955 2941 1040 3004 quas
1067 2919 1186 2985 ibidem
1206 2941 1237 2985 v.
1259 2921 1321 2986 692
1341 2944 1407 3007 seq.

319 3028 524 3092 inveniuntur
547 3052 554 3092 :

517 3128 661 3220 πόματα,
683 3128 821 3220 λύματα,
843 3135 968 3219 δείματ’
989 3123 1135 3220 ἀμφήκει

517 3243 645 3328 κέντρῳ
666 3231 785 3326 ψύχειν
803 3235 915 3325 ψυχὰν
936 3234 1027 3326 ἐμόν,

320 3353 388 3415 sive
409 3372 491 3436 quae
512 3349 623 3435 Suppl.
646 3371 676 3414 v.
705 3350 763 3416 109
783 3370 849 3435 seq.
872 3351 918 3414 ita
939 3369 1092 3433 expressa
1110 3359 1188 3414 suut
1210 3374 1217 3414 :

615 3459 671 3523 καὶ
692 3450 843 3524 διάνοιαν
862 3449 1015 3542 μαινόλιν

616 3566 758 3652 κέντρον
779 3563 865 3650 έχων
885 3555 1038 3647 όφυκτον
1127 3589 1129 3596 ·

320 3683 417 3760 atque
437 3697 458 3738 a
478 3673 596 3740 Bothio
611 3661 693 3739 bene
707 3675 790 3738 verti
805 3672 977 3739 videntur:
999 3673 1291 3760 ⁷,furibundumque
1310 3675 1409 3739 animi

320 3783 469 3848 affectum
491 3804 547 3847 seu
568 3782 731 3848 stimulum
758 3781 976 3846 inevitabilem
1004 3780 1173 3846 εοιιτίειιεές
1216 3781 1408 3848 Incitamen·

319 3900 387 3955 tum
408 3899 514 3956 autem
535 3912 599 3955 vox
620 3890 764 3975 κέντρον
783 3891 871 3956 valet
891 3889 984 3956 Eum.
1007 3911 1038 3955 v.
1058 3889 1119 3954 427
1142 3914 1150 3954 ε

467 4003 537 4064 τοῦ
557 3992 619 4084 γὰρ
640 4002 784 4065 τοσοῦτο
805 3997 947 4083 κέντρον
968 3987 1013 4074 ὡς
1030 4010 1270 4084 μητροκτονεῖν
1277 4023 1289 4076 ;

319 4107 492 4172 Praeterea
512 4105 554 4170 ad
575 4106 704 4190 liuguae
724 4105 899 4171 maledicae
921 4105 1146 4189 contumelias,
1179 4105 1294 4190 quibus
1317 4105 1407 4189 quasi

318 4213 454 4278 stimulis
474 4213 619 4279 homines
640 4214 809 4296 violantur,
830 4212 872 4278 ab
887 4212 1042 4298 Euripide
1056 4213 1248 4278 vocabulum
1267 4212 1408 4299 κέντρον

319 4322 510 4390 transfertur
530 4321 626 4387 Herc.
649 4322 708 4386 fur.
732 4344 761 4387 v.
789 4321 867 4391 1288
890 4344 897 4386 ε
