3220 5014
865 479 905 547 68

784 569 979 578 ——-..-—-—

335 684 501 750 Habemus
522 683 637 750 deinde
658 684 792 749 alteram
807 705 922 749 vocem
943 676 1094 769 σταθμὸς
1114 692 1147 749 ct
1160 685 1263 770 ipsam
1278 683 1318 748 de
1333 705 1426 769 pecu·

335 792 412 857 dum
433 791 508 858 sede
528 802 722 877 usurpatam,
747 792 835 856 ouius
857 791 988 877 quidem
1009 791 1205 877 Aeschylum
1231 813 1298 856 non
1318 792 1427 855 imine·

335 921 456 965 morem
477 900 576 965 fuisse
596 922 638 964 ex
657 922 752 964 versu
773 900 827 964 illo
849 911 994 986 apparet,
1017 901 1071 985 qui
1092 922 1134 964 ex
1152 899 1292 985 Sisypho
1312 899 1428 964 allatos

335 1008 374 1072 fr.
396 1007 459 1072 225
480 1009 662 1072 continetur
683 1030 691 1071 :

500 1109 541 1181 οὐ
561 1116 590 1181 δ’
611 1105 630 1180 ὃ
653 1118 868 1199 οταθμοῦχος
889 1108 1139 1200 ἐγκατιλλώψας
1160 1104 1269 1200 άθρει.

336 1224 427 1304 Quae
448 1223 576 1309 quidem
597 1221 696 1288 verba
718 1221 759 1286 ad
781 1223 882 1306 ipsam
904 1221 991 1286 illam
1012 1243 1180 1307 personam
1202 1233 1359 1308 spectant,
1386 1221 1428 1287 dc

335 1353 399 1418 qua
420 1331 548 1396 fabulae
568 1352 686 1395 nomen
707 1340 803 1416 poeta
825 1329 925 1396 duxit.

417 1439 487 1504 Iam
508 1460 584 1503 vero
606 1437 822 1523 quaerendum
845 1447 903 1518 est,
926 1460 989 1524 quo
1010 1437 1105 1502 modo
1128 1437 1317 1522 bestiarum,
1345 1459 1428 1524 quae

335 1545 397 1610 huc
417 1548 613 1632 pertineant,
644 1556 759 1610 natura
788 1555 902 1631 poetae
928 1548 977 1611 usi
1007 1547 1071 1612 sint
1100 1544 1141 1611 ad
1174 1547 1427 1631 comparationes

334 1656 403 1719 sive
423 1655 647 1719 translationes
671 1652 879 1736 effingendas.
925 1656 1034 1737 Atque
1056 1652 1096 1717 de
1118 1675 1235 1736 genere
1257 1655 1372 1739 equino
1394 1663 1428 1718 et

335 1763 461 1828 taurino
483 1783 555 1826 cum
576 1764 609 1827 in
624 1783 664 1826 ea
679 1763 954 1826 commentationis
969 1771 1061 1847 parte
1074 1763 1137 1825 iam
1148 1761 1426 1847 disputaverimus,

334 1891 399 1956 qua
420 1871 633 1954 agriculturae
653 1891 705 1934 res
728 1871 949 1953 continentur,
979 1889 1044 1933 una
1073 1891 1114 1934 ex
1137 1868 1298 1955 Aeschylo
1327 1879 1427 1934 restat

334 1978 397 2043 huc
418 1976 581 2043 afferenda
611 1978 719 2060 imago
751 1998 851 2063 caqus
872 1979 1167 2061 praestantissima,
1190 1998 1254 2063 qua
1274 1978 1375 2042 vitula
1393 1978 1427 2041 in

336 2086 605 2170 comparationem
626 2096 759 2150 vocatur
787 2095 884 2171 atquc
918 2106 1008 2167 eam,
1035 2106 1107 2149 cum
1128 2107 1148 2149 a
1168 2084 1263 2149 rebus
1284 2095 1426 2170 pastora-

336 2194 419 2260 libus
452 2195 618 2277 segregari
649 2215 715 2257 non
747 2205 873 2278 posset,
913 2194 977 2258 illic
1006 2202 1203 2278 pertractare
1232 2215 1297 2257 non
1327 2193 1425 2257 licuit.

336 2303 481 2366 Dicimus
504 2303 597 2383 enim,
621 2323 702 2386 quae
724 2301 834 2386 Suppl.
857 2324 890 2364 v.
911 2302 973 2366 349
993 2322 1081 2387 seqq.
1104 2302 1285 2386 leguntur:

533 2409 582 2475 los
602 2432 642 2494 με
664 2402 727 2474 τάν
748 2406 853 2474 ἱκέτιν
874 2403 1004 2493 φυγάδα
1025 2410 1238 2494 περίδρομον,

532 2517 761 2582 λυκοδίωκτον
782 2507 828 2593 ὡς
849 2511 1015 2602 δάμαλιν*
1038 2509 1082 2603 dp
1102 2517 1240 2603 πέτραις

533 2615 711 2711 ἠλιβάτοις,
733 2623 766 2690 ῗν
786 2615 881 2715 ’άλκᾴ
903 2627 1042 2702 πίσυνος
1062 2625 1184 2710 μέμυκε

533 2727 704 2819 φράζουσα
725 2737 842 2818 βοτῆρι
861 2726 1021 2817 μόχθους.

336 2839 460 2918 Quibus
481 2840 588 2904 verbis
612 2838 784 2922 Danaides,
807 2861 889 2924 quae
912 2839 1055 2925 Aegypti
1085 2839 1167 2905 filios
1195 2841 1355 2924 fugientes
1384 2842 1424 2905 ad

335 2949 410 3012 litus
443 2949 600 3032 Argivum
629 2969 712 3012 nave
739 2958 958 3028 accesserunt,
990 2948 1127 3032 Pelasgo
1149 2949 1217 3032 regi
1238 2950 1367 3032 instant,
1389 2958 1426 3012 ut

336 3055 377 3120 ab
399 3056 460 3120 illis
482 3078 518 3120 se
539 3065 681 3137 tueatur,
714 3057 830 3142 quippe
860 3057 914 3141 qui
945 3054 985 3120 ad
1017 3057 1181 3121 servitium
1203 3059 1308 3143 potius
1330 3078 1424 3143 quam

336 3162 377 3228 ad
409 3165 644 3227 matrimonium
677 3163 708 3226 vi
740 3174 772 3226 et
803 3165 899 3227 armis
928 3165 1044 3228 invitas
1073 3186 1108 3228 se
1129 3185 1244 3248 cogere
1265 3165 1424 3230 studeant.

338 3270 472 3336 Confert
492 3279 599 3334 autem
620 3291 655 3334 se
676 3271 837 3353 virginum
860 3270 973 3335 chorus
995 3292 1067 3335 cum
1088 3272 1197 3355 vitula,
1220 3293 1302 3358 quae
1316 3295 1336 3337 a
1349 3274 1424 3357 lupo

337 3389 454 3443 vexata
475 3379 508 3443 in
529 3378 670 3442 abscisas
689 3399 784 3462 rupes
807 3378 920 3463 effugit
942 3379 1051 3464 ibique
1071 3381 1195 3464 mugire
1225 3381 1354 3465 incipit,
1386 3403 1426 3445 ex

337 3508 400 3572 quo
422 3496 583 3571 pastorem
613 3489 645 3550 in
675 3487 824 3571 perieulis
853 3509 888 3551 se
920 3489 1039 3552 versari
1068 3488 1302 3553 intellecturum
1330 3498 1427 3574 atque

336 3594 488 3658 auxilium
510 3593 571 3657 sibi
592 3595 729 3659 laturum
752 3616 821 3658 esse
844 3594 983 3659 confidit.
1026 3593 1099 3673 Quo
1120 3597 1190 3660 loco
1213 3605 1248 3662 ut
1263 3607 1426 3681 terrorem,

337 3723 400 3786 quo
422 3701 563 3785 virgines
585 3701 734 3787 impletae
756 3711 839 3786 suut,
868 3703 914 3765 ita
936 3701 1180 3778 confidentiam,
1211 3725 1274 3788 qua
1303 3725 1323 3768 a
1349 3725 1427 3788 rege

337 3811 476 3894 ingenuo
498 3807 540 3891 id,
563 3809 647 3894 quod
668 3819 791 3895 petunt,
815 3811 1040 3895 impetraturas
1064 3833 1098 3876 se
1120 3833 1189 3876 esse
1210 3824 1358 3897 sperant,
1381 3814 1427 3876 in·

337 3919 478 4001 signione
509 3918 646 4002 quadam
687 3928 756 3982 arte
799 3919 951 3983 illustrari
992 3941 1085 3984 nemo
1128 3922 1188 3985 erit
1226 3921 1280 4005 qui
1318 3928 1426 4003 neget

337 4013 534 4109 Ἀσχέέοορος
555 4025 679 4108 deinde,
702 4026 755 4110 qui
777 4036 827 4090 est
848 4048 934 4113 aper,
957 4029 1195 4112 comparatione
1208 4028 1249 4092 ab
1265 4026 1425 4113 Aeschylo

337 4141 514 4217 usurpatus,
536 4131 574 4196 fr.
598 4133 659 4196 252
680 4135 849 4216 invenitur,
873 4133 927 4198 ubi
950 4134 1154 4219 Athenaeus,
1177 4137 1227 4201 cui
1248 4136 1352 4200 locum
1373 4135 1425 4200 de·

405 4351 478 4410 *De
495 4367 562 4404 voce
580 4347 698 4421 δάμαλις
716 4354 749 4404 cf.
768 4353 846 4405 Arist.
865 4355 927 4421 Bya.
947 4372 972 4422 p.
992 4360 1047 4408 104.
1084 4356 1186 4409 Nauck.
