3220 5014
823 417 866 492 80

496 626 529 694 τί
548 630 655 715 χρῆμα
677 622 820 715 oportue,
842 626 872 696 εἰ
891 631 965 713 θεῷ
985 618 1152 714 ξυνεζᾶγη,

299 733 417 800 ibidem
437 757 467 800 v.
490 736 551 801 949
573 758 580 802 :

494 835 580 929 μόνη
599 843 672 908 κατ’
693 833 827 929 ἄντρον,
849 826 955 927 οὗπερ
976 833 1140 926 ἐζεύχθην
1160 833 1285 926 γάμοις,
1324 833 1326 840 “

298 949 369 1034 Iph.
393 949 466 1014 Aul.
488 972 518 1014 v.
541 949 600 1014 907
623 973 631 1015 ε

692 1056 721 1123 εἰ
741 1050 803 1144 γὰρ
823 1051 867 1143 μὴ
888 1051 1040 1142 γάμοισιν
1061 1050 1184 1144 ἐζύγης,

300 1164 584 1250 fflnfflma

623 1260 625 1264 ¹
691 1274 771 1354 φασὶ
791 1263 854 1359 γᾶρ
874 1295 928 1338 νιν
949 1269 986 1338 ἐν
1005 1266 1123 1358 γάμοις

495 1385 692 1464 ζευχθεῖσαν
712 1379 818 1448 οἰκεῖν
838 1370 917 1448 οὐδὲ
937 1380 1112 1466 παρθένον
1130 1380 1250 1466 μένειν,

298 1486 408 1572 Suppl.
432 1508 461 1549 v.
484 1486 544 1551 822
566 1510 573 1549 :

495 1586 577 1678 ἐμὸν
596 1594 632 1660 δὲ
652 1587 774 1682 μήποτ’
796 1588 894 1682 ἐζύγη
915 1595 995 1680 σῶμ’
1015 1594 1049 1672 ἐς
1068 1584 1190 1680 ἄνδρὸς
1211 1583 1319 1660 εὐνάν.

297 1700 482 1786 Sequuntur
504 1701 688 1785 locutiones,
710 1702 825 1787 quibus
846 1703 1082 1786 adulescentes,
1114 1704 1170 1788 qui
1192 1704 1383 1769 matrimonii

298 1809 407 1892 iugum
428 1808 571 1874 nondum
593 1809 766 1893 subierunt,
788 1811 857 1875 eive
877 1810 1001 1896 puellae
1021 1811 1174 1895 innuptae
1203 1810 1381 1896 significen-

298 1924 357 1980 tur.
401 1918 509 2002 Atque
531 1916 571 1982 de
591 1917 652 1982 iilia
674 1917 802 2003 quidem
824 1928 976 2004 usurpata
996 1917 1067 2002 Iph.
1084 1918 1156 1984 Aul.
1177 1940 1206 1982 v.
1222 1917 1283 1984 805
1304 1917 1382 1984 haee

162 2049 164 2058 ’
297 2022 389 2088 nobie
410 2034 610 2091 occurrunt:
637 2069 641 2084 ·

496 2129 528 2197 οἱ
547 2125 689 2218 μὲνγὰρ
710 2123 803 2218 ἡμῶν
824 2123 919 2210 ὄντες
940 2123 1056 2218 ἄζυγες
1077 2126 1201 2218 γάμων,

300 2238 352 2302 Ad
374 2239 493 2323 puellae
514 2249 617 2305 autem
640 2241 801 2325 pertinent
829 2240 928 2306 verba
957 2240 1125 2326 παρθένοι
1146 2241 1175 2306 τ’
1197 2237 1243 2305 ’ἐτ’
1264 2229 1379 2324 ἄζυγες

296 2344 428 2429 (Bacch.
449 2368 478 2410 v.
500 2345 591 2430 694),
625 2337 728 2431 ἄζυγα
760 2341 909 2432 λέκτρων
940 2346 1052 2433 (Hipp.
1084 2370 1114 2411 v.
1136 2348 1232 2432 546),
1264 2338 1388 2432 ἄζυγες

295 2447 411 2539 γάμοον
443 2453 576 2538 (ibidem
607 2454 775 2540 vr1425),
810 2443 906 2539 εὐνῆς
939 2445 1055 2540 ἄζυγες
1085 2457 1245 2542 γαμηλίου
1279 2453 1380 2539 (Med.

296 2584 326 2628 v.
348 2562 433 2647 673).
477 2563 508 2627 Α
530 2563 644 2649 quibus
665 2564 720 2626 vix
741 2561 867 2627 diversa
888 2572 962 2628 aunt
989 2563 1145 2630 vocabule
1172 2553 1316 2650 ἄδμητος
1341 2573 1381 2629 et

295 2659 473 2755 ἄδᾶματος,
501 2690 584 2755 quae
606 2671 759 2756 Aeschyli
781 2671 891 2756 Suppl.
916 2692 946 2735 v.
972 2671 1029 2736 149
1049 2691 1138 2758 seqq.
1166 2673 1379 2756 inveniuntur,

296 2778 350 2842 ubi
374 2777 452 2842 haec
473 2776 610 2861 legimus
632 2801 640 2844 ι

589 2873 736 2970 ἄδμήυας
757 2875 886 2971 α’δμήτα

590 2987 703 3077 ῥύσιος
723 2993 888 3077 γενέσθω·

590 3100 717 3187 σπέρμα
738 3105 857 3186 σεμνᾶς
875 3100 962 3185 μέγα
982 3093 1107 3186 ματρὸς

590 3198 688 3286 εᾶνᾶς
707 3199 849 3297 ἀνδρῶν,
871 3202 918 3295 ἐὴ,

590 3305 717 3401 ἄγαμον
737 3306 909 3402 ἄδᾶμοιτον
929 3315 1092 3401 ἐκφυγεῖν.

295 3423 438 3490 Verbum
460 3424 545 3489 enim
559 3417 693 3507 δαμᾶζω
715 3425 783 3490 sive
797 3417 914 3510 δαμᾶοο
935 3425 1011 3490 item
1033 3423 1073 3488 de
1087 3422 1197 3488 bestiis
1212 3421 1378 3504 domandis

294 3533 423 3616 proprie
455 3530 517 3614 dici
551 3541 685 3598 constat.
740 3531 950 3598 Proferuntur
985 3539 1092 3596 autem
1136 3529 1234 3594 verba
1271 3529 1326 3592 ille
1360 3550 1380 3592 a

295 3639 513 3724 Danaidibue‚
544 3639 658 3725 quibus
680 3640 788 3704 invitia
810 3641 954 3726 Aegypti
974 3638 1035 3734 filii*
1052 3639 1247 3706 matrimonii
1267 3639 1378 3721 iugum

294 3747 456 3830 imponere
477 3746 614 3812 student.
657 3746 727 3812 Iam
749 3748 847 3830 igitur
869 3768 888 3810 e
908 3748 1031 3827 Diana,
1060 3769 1131 3811 oum
1160 3748 1201 3811 sit
1228 3745 1288 3810 dea
1316 3744 1376 3808 vir·

295 3855 399 3937 ginea,
421 3854 493 3920 illae
514 3864 635 3939 petunt,
658 3865 694 3920 ut
714 3855 854 3940 ipsarum
877 3856 1094 3939 virginitatem
1120 3863 1246 3920 tueatur
1275 3873 1378 3936 neque

294 3961 334 4026 ad
356 3961 591 4026 matrimonium
612 3984 647 4027 ee
668 3964 739 4046 oogi
765 3961 923 4027 admittat.
974 3961 1137 4027 Vocabulo
1164 3953 1377 4040 deindeveri·

294 4072 399 4152 ζυγος,
421 4071 627 4154 euiueeupra
648 4071 839 4138 mentionem
871 4069 1020 4162 fecimus„
1048 4071 1118 4137 aliie
1148 4067 1270 4132 duobus
1299 4068 1376 4132 looiu

294 4173 473 4262 Euripideie
510 4169 690 4262 νεόδμητος
728 4179 796 4242 eive
834 4171 972 4263 νεοδμὴς
1000 4175 1189 4261 respondet.
1242 4175 1378 4258 Legitur

295 4284 378 4354 enim
400 4282 483 4349 Med.
505 4305 535 4349 ν.
558 4284 619 4349 623
640 4304 737 4370 aeq.:
821 4267 823 4276 ’
