3220 5014
834 433 888 520 ,64

566 622 596 704 ὦ
615 631 759 724 στυγνόν
779 629 874 725 ὄχημ’
892 637 1042 718 ἵππειον,
1062 639 1142 726 ἐμῆς

563 741 715 833 βόσκημα
734 742 843 832 νοὸς,

315 853 452 920 alterum
472 877 514 920 ex
534 855 688 941 Aeschyli
718 856 812 920 Eum.
834 877 864 920 v.
885 856 965 939 302,
994 855 1050 919 uhi
1069 850 1221 942 βόσκημα
1242 849 1414 940 δαιμόνων

316 961 434 1026 Furiae
456 961 606 1028 Orestem
627 964 805 1046 nominent,
826 964 913 1049 quod
934 985 1013 1028 voce
1034 963 1174 1048 prsedee
1187 973 1315 1028 vertere
1327 964 1410 1046 licet,

315 1080 414 1154 etque
435 1092 477 1134 ex
495 1070 534 1135 fr.
548 1071 621 1153 270,
643 1071 698 1135 uhi
719 1070 819 1136 verbe
838 1073 983 1136 ποντίου
1002 1065 1213 1156 βοσκήματος
1233 1072 1275 1136 de
1295 1071 1413 1136 urdene

316 1177 388 1242 ciho
409 1177 627 1261 intellegendo
647 1187 732 1259 sunt,
754 1179 810 1263 qui
831 1180 928 1244 meris
950 1178 1091 1264 piscihus
1113 1181 1305 1244 continetur.
1349 1179 1414 1244 Eo·

315 1286 454 1372 demque
482 1308 578 1351 sensu
610 1287 802 1351 vocabulum
836 1281 942 1372 βοοκὴ
973 1288 1014 1352 sb
1046 1288 1210 1372 Aeschylo
1241 1297 1415 1372 usurpatur

316 1393 409 1459 llum.
431 1417 461 1458 v.
483 1395 547 1460 265
567 1416 634 1480 seq.
657 1419 666 1459 :

669 1532 673 1540 ·
1001 1494 1072 1569 ἀπὸ
1093 1503 1130 1568 de
1150 1508 1213 1568 σοῦ

465 1603 593 1691 βοσκὰν
614 1612 780 1695 φεροίμαν
800 1603 867 1695 ἐγὼ
886 1604 1049 1694 πώματος
1071 1605 1252 1676 όυοπότου.

317 1716 388 1782 lem
419 1739 496 1782 vero
526 1717 568 1782 ed
600 1739 639 1782 ee
670 1717 844 1801 vocabule,
884 1739 967 1804 quae
1002 1719 1233 1803 compositione
1262 1741 1282 1784 e
1312 1719 1413 1783 verbo

316 1819 451 1906 βόσκειν
472 1835 544 1890 orto
564 1835 654 1908 sunt,
685 1824 877 1890 illustrando
902 1825 1139 1910 aggrediemur.
1190 1827 1241 1890 Ac
1274 1828 1412 1911 primum

316 1933 446 2019 quidem
467 1932 552 2020 quod
580 1933 667 2018 apud
688 1932 876 2018 Euripidem
903 1935 1084 1999 invenimus
1112 1934 1248 1999 verbum
1274 1930 1411 2020 γηροβό-

315 2060 423 2121 οκειν,
451 2041 613 2106 hominem
642 2050 807 2106 senectute
837 2040 1019 2106 confectum
1050 2041 1137 2106 alere
1172 2051 1270 2128 atque
1299 2064 1410 2106 curere

316 2150 478 2234 significat
497 2173 537 2214 ec
558 2151 746 2235 plemmque
760 2149 800 2214 de
815 2149 923 2214 liberis
939 2159 1121 2234 usurpatur,
1143 2151 1198 2235 qui
1212 2152 1324 2214 metris
1340 2171 1410 2238 per·

316 2259 448 2343 grundis
470 2267 548 2322 nutu
570 2258 662 2342 qussi
683 2256 859 2321 subsidium
880 2266 964 2321 sunt.
1007 2255 1061 2320 Ita
1082 2258 1182 2342 igitur
1195 2256 1413 2341 intellegendo

316 2375 401 2450 sunt,
423 2386 505 2450 quoe
527 2374 656 2429 exstent
678 2365 747 2430 Alc.
770 2385 801 2430 v.
823 2364 885 2429 663
906 2385 964 2449 seq
986 2388 994 2428 z

515 2470 549 2537 οί
568 2466 852 2558 γηροβοοκήοουοι
872 2473 927 2536 καὶ
949 2465 1103 2537 θανόντα
1125 2488 1160 2537 σε

513 2584 746 2665 περιοτελοῦοι

317 2698 350 2753 et
371 2688 457 2754 Med.
480 2710 509 2751 v.
534 2688 615 2753 1032
636 2709 702 2774 seq.
724 2711 731 2752 :

513 2785 534 2881 ἦ
554 2788 620 2880 μήν
640 2797 724 2861 ποθ’
746 2786 767 2881 ἡ
788 2785 949 2881 δύστηνος
971 2789 1063 2878 εἶχον
1083 2793 1220 2869 ἐλπίδας

513 2896 642 2980 πολλὰς
663 2901 700 2968 ἐν
720 2894 807 2988 υμῖν,
829 2896 1087 2989 γηροβοοκὴσειν
1107 2901 1137 2966 τ’
1158 2900 1224 2986 ε’μέ.
1300 2955 1303 2960 Α

316 3010 439 3089 Quibus
462 3014 537 3076 vero
561 3011 668 3075 liberis
690 3013 890 3096 propositum
913 3018 970 3092 est,
992 3021 1028 3074 ut
1049 3022 1161 3074 curent
1175 3010 1287 3073 matris
1302 3029 1410 3072 senec·

316 3129 426 3203 tutem,
448 3119 471 3182 ii
492 3119 533 3183 eb
555 3120 668 3184 eodem
685 3118 839 3204 Euripide
852 3119 1052 3204 γηροβοσκοὶ
1066 3119 1273 3181 nominentur
1288 3117 1409 3181 Phoen.

315 3248 346 3291 v.
370 3226 452 3292 1436
473 3247 570 3312 seq:

507 3320 544 3413 ,ὦ
565 3326 761 3419 γηροβοσκὼ
780 3326 914 3420 μητρὸς,
937 3318 966 3398 ὦ
987 3326 1113 3418 νόμους
1134 3325 1233 3417 ἐμοὺς

513 3434 674 3527 προδόντ’
695 3430 830 3522 ἀδελφώ
851 3433 1003 3522 φιλτάτω

315 3559 413 3636 atque
434 3549 545 3635 suppl.
567 3571 600 3612 u·
620 3547 683 3612 922
704 3570 793 3634 seqq.
816 3573 824 3612 ε

889 3649 956 3740 ἐγώ
975 3655 1011 3722 dh

663 3757 871 3850 γηροβοσκόν
892 3753 955 3830 οόκ
976 3761 1041 3848 ἔχου

663 3872 796 3937 τεκοῦό
817 3862 838 3936 ἆ
858 3865 999 3938 τάλαινα
1021 3873 1158 3938 παῖδα

316 3979 444 4045 Deinde
464 3979 548 4064 apud
571 3979 767 4064 Aeschylum
789 3979 851 4044 duo
874 3979 966 4044 huius
988 3981 1115 4066 generis
1136 3980 1296 4045 adiectiva
1315 3980 1408 4044 nohis

316 4097 512 4168 occurrrunt,
535 4108 616 4171 quae
637 4087 732 4151 ambo
755 4085 867 4173 Suppl.
890 4108 919 4149 v.
942 4087 1004 4152 556
1027 4108 1115 4173 seqq.
1138 4088 1373 4152 inveniuntur:

564 4191 703 4260 ἱκνεῖται
724 4195 752 4258 d'
774 4193 1024 4280 είοικνουμένου
1043 4196 1133 4277 βέλει

564 4295 732 4383 βουκόλου
752 4297 955 4388 πτερόεντος
