3220 5014
712 1703 885 1790 VIuA.

752 1923 851 1930 *-

338 2067 443 2133 Natus
458 2091 528 2134 sum
543 2068 747 2134 Hermannus
762 2068 913 2153 Briegleb
929 2091 957 2134 a.
970 2068 1001 2133 d.
1012 2068 1074 2134 ΙΙΙ.
1085 2068 1117 2134 N
1120 2091 1197 2134 onas
1213 2069 1346 2135 Martias

254 2177 330 2240 anui
352 2174 574 2242 MDCCOLX
589 2176 755 2261 Alshemii,
778 2179 811 2240 in
831 2175 968 2242 Hassiae
988 2198 1083 2262 pago,
1106 2168 1197 2261 patre
1216 2177 1346 2263 Elardo,

255 2282 345 2348 verbi
375 2284 473 2348 divini
505 2286 667 2368 magistro,
700 2294 803 2350 matre
825 2284 974 2368 Augusta
996 2306 1014 2348 e
1035 2294 1132 2367 gente
1153 2283 1345 2368 Langsdorf.

254 2391 368 2455 Fidem
390 2391 543 2477 profiteor
564 2393 791 2476 evangelicam.
847 2391 963 2457 Primis
986 2392 1163 2456 litterarum
1184 2392 1347 2458 elementis

253 2497 1346 2586 imbutusabannoMDOOCLXXIII-MDCCOLXXVIIIgym-

254 2608 377 2671 nasium
407 2606 643 2673 Wormaticnse
673 2595 887 2694 frequentaii.
938 2606 1135 2673 Maturitatis
1164 2610 1346 2674 testimonio

255 2715 427 2779 instructus
458 2726 629 2802 postquam
652 2716 852 2781 Wormatiae
884 2716 986 2781 officio
1021 2717 1150 2781 militari
1171 2738 1228 2801 per
1249 2739 1346 2783 unum

254 2844 373 2887 annum
393 2823 561 2907 satisfeci,
581 2846 655 2888 vere
676 2827 752 2888 anni
773 2823 1083 2890 MDOOOLXXIX
1106 2826 1346 2891 universitatem

256 2929 442 2996 Gissensem
463 2931 543 3014 adii,
575 2931 631 2995 ubi
653 2933 685 2996 in
708 2933 823 2996 civium
845 2933 949 2997 almae
970 2931 1152 2998 academiae
1180 2951 1347 2998 mimorum

254 3049 400 3124 receptus
421 3039 614 3124 philologiae
629 3062 757 3126 operam
779 3040 852 3105 dedi
867 3050 965 3127 atque
978 3040 1087 3106 audivi
1101 3043 1187 3106 viros
1201 3041 1346 3107 illustris-

254 3147 351 3211 simos
372 3146 518 3232 Braune,
549 3147 691 3232 Olemm,
713 3147 868 3232 Oncken,
898 3148 1049 3236 Philippi.
1092 3148 1226 3214 Duobus
1253 3151 1346 3213 annis

254 3255 409 3320 confectis
441 3254 584 3341 Lipsiam
613 3276 664 3321 me
692 3257 832 3340 contuli,
862 3256 917 3321 ubi
938 3278 996 3343 per
1018 3257 1158 3343 quinque
1180 3259 1348 3322 semestria

255 3361 370 3427 scholis
411 3363 541 3428 interfui
581 3365 721 3428 virorum
759 3363 1016 3429 doctissimorum
1048 3364 1174 3447 Arndt,
1206 3363 1346 3447 Curtius,

254 3467 386 3553 Lange,
415 3470 559 3556 Lipsius,
589 3470 727 3555 Masius,
756 3471 946 3555 overbeck,
981 3471 1156 3556 Pueckert,
1189 3471 1346 3555 Ribbeck,

254 3575 390 3662 Scydel,
421 3577 530 3663 Voigt,
553 3578 694 3664 Wundt,
716 3579 870 3645 Zarncke.
913 3579 995 3645 Inde
1022 3580 1077 3644 ubi
1097 3590 1249 3645 autumno
1270 3583 1346 3644 anni

254 3683 598 3752 MDCOOLXXXIII
614 3687 744 3753 Gissam
764 3690 892 3772 reverti,
915 3690 974 3753 viri
996 3689 1199 3754 illustrissimi
1220 3709 1271 3752 mc
1292 3688 1345 3753 do·

255 3791 430 3860 docuerunt
461 3794 779 3877 Birch-Hirschfeld,
815 3797 944 3862 Braune
956 3847 965 3881 ,
1004 3796 1164 3882 Philippi,
1200 3795 1346 3879 Schiller,

254 3900 418 3988 Schmidt,
452 3902 601 3969 Siebeck.
655 3904 825 3970 Seminarii
856 3905 1012 3990 philologi
1033 3903 1151 3969 sodalis
1173 3903 1220 3969 fui
1241 3914 1345 3969 extra·

254 4011 432 4077 ordinarius
454 4011 595 4095 perduc
618 4014 800 4096 semestris,
829 4034 888 4099 per
910 4034 1007 4077 unum
1029 4012 1217 4077 ordinarius.
1260 4011 1345 4075 Exu-

254 4121 339 4183 mine
369 4141 427 4203 pro
458 4119 611 4184 facultate
652 4117 786 4186 docendi
825 4127 974 4205 superato
1010 4118 1052 4183 ab
1085 4129 1238 4184 autumno
1269 4119 1346 4182 anni

255 4225 595 4292 MDCCOLXXXVI
615 4248 747 4291 munere
770 4227 888 4311 fungor
909 4226 1098 4292 scholastico
1122 4228 1153 4291 in
1176 4227 1345 4312 gymnasio

255 4333 494 4401 wormatiensi.
