3220 5014
749 425 789 494 73

669 519 865 529 ——-

219 639 268 695 est
289 650 364 694 usus
394 629 568 694 translatus
598 631 806 716 comparativi
835 622 994 715 κύντερος
1026 629 1094 693 sive
1126 625 1311 712 superlativi

218 733 401 824 κύντατος,
431 760 489 825 pro
518 761 581 825 quo
610 739 650 803 ab
678 738 841 824 Aeschylo
863 739 983 804 formas
1004 730 1256 820 κυντερῶτατος
1279 744 1311 799 et

218 841 475 924 κοντατῶτατος
489 855 659 934 usurpatas
682 870 752 912 esse
774 869 814 912 ex
829 847 868 911 fr.
883 846 945 911 396
960 846 1191 928 cognoscimus.
1227 841 1310 909 Illud

218 950 385 1032 κύντατος
415 965 521 1020 autem
552 955 638 1040 apud
666 954 852 1041 Euripidem
873 954 1033 1018 invenitur
1054 951 1164 1037 Suppl.
1187 971 1216 1014 v.
1240 950 1310 1031 807,

217 1064 274 1162 ubi
296 1064 463 1129 mulierum
484 1063 711 1129 Thebanarum
733 1063 847 1128 chorus
870 1086 878 1127 ι

516 1164 559 1237 τὰ
579 1166 715 1238 κύντατ’
736 1162 819 1258 ἄλγη
839 1174 954 1236 κακῶν

220 1279 280 1344 sibi
314 1279 505 1366 perferenda
540 1281 638 1345 fuisse
674 1280 887 1365 conqueritur.
943 1277 1138 1344 Monendum
1175 1275 1310 1358 videtur,

220 1388 304 1453 bunc
325 1388 473 1453 vocabuli
495 1388 577 1453 illius
599 1411 691 1453 usum
713 1389 775 1453 iam
796 1410 837 1453 ex
859 1387 1030 1452 Homerico
1052 1386 1107 1451 illo
1129 1407 1222 1450 versu
1237 1405 1310 1468 cog-

220 1497 324 1560 nitum
346 1517 445 1560 esse:

302 1603 442 1669 τέτλαθι
463 1597 512 1689 δὴ,
534 1604 660 1691 κραδίη,
681 1605 737 1670 καὶ
757 1597 922 1690 κύντερον
942 1593 1024 1668 citro
1045 1601 1123 1667 ποτ’
1146 1597 1248 1686 ἔτλης.

222 1711 374 1798 Sequitur
404 1711 595 1776 vocabulum
625 1705 748 1793 λύσσα,
791 1733 853 1796 quo
886 1712 1022 1796 primum
1054 1708 1187 1774 Rabism
1219 1707 1312 1773 deam

224 1819 398 1904 significari
430 1841 471 1885 ex
502 1819 664 1904 Euripidis
696 1818 813 1884 Bacch.
835 1841 865 1884 v.
887 1819 966 1899 977,
997 1839 1092 1904 quem
1112 1839 1208 1903 supra
1229 1837 1311 1881 com·

222 1928 478 2011 memoravimus,
494 1949 688 2013 cognoscere
701 1929 784 1994 licet.
829 1929 937 2013 Atque
950 1928 1075 2008 scimus,
1089 1946 1202 1991 vocem
1216 1924 1312 2007 illam,

223 2057 288 2122 qua
309 2057 426 2100 canum
447 2036 554 2102 rabies
584 2038 712 2122 propris
740 2036 956 2120 significatur,
986 2035 1028 2100 ad
1056 2035 1135 2100 deae
1166 2043 1313 2098 naturam

222 2144 268 2208 ita
289 2144 476 2210 translatam
506 2167 593 2228 esse,
622 2155 658 2209 ut
687 2147 756 2232 ipsa
785 2143 891 2209 rabies
921 2145 1010 2229 quasi
1040 2143 1179 2208 bumana
1208 2141 1313 2226 specie

221 2251 334 2317 induta
356 2273 426 2318 esse
447 2252 602 2318 videatur.
647 2253 699 2318 Ad
721 2253 865 2318 homines
894 2261 1060 2337 praeterea
1080 2251 1236 2316 translata
1256 2251 1313 2314 im-

222 2371 331 2447 petum
351 2359 558 2426 furibundum
579 2383 642 2427 vox
663 2357 767 2429 λύσσα
789 2361 958 2445 significat,
980 2359 1083 2447 qualis
1103 2381 1216 2423 canum
1230 2358 1312 2423 rabi-

222 2467 333 2533 dorum
362 2490 432 2533 esse
460 2469 549 2534 solet.
602 2469 705 2548 Quem
734 2469 862 2556 quidem
891 2490 1000 2547 usum,
1032 2489 1104 2532 cum
1135 2469 1199 2532 iam
1230 2465 1314 2552 apud

222 2575 398 2641 Homerum
420 2579 602 2644 inveniatur
630 2589 727 2666 atque
755 2579 852 2644 etiam
871 2576 957 2664 apud
977 2576 1056 2642 alios
1078 2577 1249 2662 scriptores
1270 2575 1312 2639 la·

222 2684 345 2749 tissime
365 2695 485 2771 pateat,
510 2708 551 2751 ne
565 2708 586 2751 a
599 2688 717 2752 nostris
734 2686 862 2773 quidem
883 2687 987 2772 poetis
1007 2685 1146 2750 alienum
1168 2705 1237 2748 csse
1259 2693 1313 2747 tuo

221 2792 289 2857 iuro
311 2793 532 2879 suspicaberis.
575 2793 627 2860 Ne
641 2796 741 2879 igitur
755 2793 898 2879 pluribus
913 2793 1111 2879 disputemus
1126 2792 1166 2857 ds
1180 2790 1314 2874 singulis

221 2899 315 2966 buius
347 2904 473 2986 generis
502 2903 673 2989 exemplis,
703 2902 788 2988 apud
819 2901 1006 2987 Euripidem
1033 2900 1160 2986 quidem
1188 2911 1315 2986 praeter

221 3008 297 3074 illud
317 3003 421 3076 λύσσα
444 3011 599 3077 vocabula
628 3011 668 3076 ab
690 3032 727 3076 eo
759 3011 905 3076 derivata
934 3009 1027 3075 nobis
1050 3019 1220 3074 occurrunt
1240 3008 1313 3074 sub-

222 3118 396 3182 stantivum
427 3112 590 3206 λύσσημα,
623 3120 816 3186 adiectivum
849 3113 1018 3206 λυσσώδης
1046 3126 1143 3205 atque
1170 3118 1314 3183 feminini

222 3227 349 3310 generis
371 3225 475 3292 forma
496 3220 625 3304 λυσσύς.
668 3227 805 3293 Restant
825 3226 925 3292 verba
946 3217 1102 3292 ύλακτεῑν
1124 3235 1156 3290 et
1171 3217 1314 3308 βαύζειν,

222 3355 304 3419 quac
336 3334 475 3400 latrandi
506 3337 575 3400 sive
605 3335 746 3402 ululandi
778 3337 909 3401 notione
951 3334 1097 3421 praedita
1129 3333 1170 3398 ad
1203 3355 1313 3398 canem

221 3441 390 3507 referenda
410 3452 485 3508 sunt
506 3453 603 3529 atquc
623 3443 665 3508 ad
687 3442 831 3508 homines
854 3442 1101 3525 transferuntur,
1127 3443 1181 3529 qui
1203 3464 1237 3506 re
1258 3443 1313 3507 ali·

222 3571 286 3635 qua
318 3551 448 3615 excitati
482 3551 571 3615 iratis
603 3550 711 3616 verbis
743 3551 995 3636 indignationem
1028 3571 1118 3615 suam
1149 3549 1315 3617 effundunt

221 3658 290 3723 sive
310 3659 365 3745 qui
386 3659 499 3723 insana
526 3657 665 3745 quadam
692 3659 817 3724 ratione
849 3658 1014 3723 clamitant
1042 3680 1098 3723 seu
1127 3657 1313 3722 vociferant.

221 3765 274 3831 lta
294 3767 393 3851 igitur
415 3767 500 3853 apud
522 3767 709 3853 Euripidem
731 3768 801 3833 Alc.
824 3790 854 3831 v.
868 3768 928 3832 760
949 3767 1105 3832 Hercules
1125 3764 1315 3831 describitur

224 3865 359 3959 „dpovo’
380 3865 564 3959 ὑλακτῶν“,
589 3877 707 3962 quippe
727 3876 782 3962 qui
803 3876 870 3939 vini
885 3876 977 3960 copia
991 3874 1195 3958 perturbatus
1210 3872 1314 3938 bario·

222 3983 312 4046 latur.
357 3983 466 4068 Atque
488 3983 527 4048 ad
550 3984 686 4048 eundem
707 3984 880 4069 pertinent,
903 4003 985 4069 quae
1004 3982 1043 4046 fr.
1067 3982 1128 4048 899
1148 3981 1284 4065 legimus
1306 4003 1313 4043 :

419 4090 533 4176 κρέασι
553 4090 678 4172 βοείοις
698 4083 812 4176 χλωρὰ
833 4090 904 4156 σῦκ’
925 4083 1088 4176 ἐπήσθιεν

420 4189 536 4283 duaco
557 4189 713 4265 ὑλακτῶν
734 4189 820 4266 ὥστε
840 4191 998 4284 βαρβάρῳ
1018 4203 1151 4282 μαθεῖν.

221 4304 322 4371 Recte
349 4306 448 4391 igitur
478 4307 662 4394 Hesychius
692 4308 862 4393 explicat:
892 4297 1063 4378 ὑλακτῶν·
1093 4298 1177 4393 μετὰ
1196 4306 1315 4391 μανίας
