3220 5014
763 418 781 486 t

675 511 871 518 ψ

230 633 295 698 scio
317 653 360 696 an
381 654 496 716 operae
517 635 559 698 sit
579 636 715 720 pretium
740 657 811 699 cum
832 636 870 700 iis
892 637 994 720 poetis
1012 636 1100 700 illum
1123 656 1316 722 comparare,

231 743 284 827 qui
316 740 418 806 eidem
447 742 496 805 cui
535 743 603 827 ipse
631 744 736 827 poesis
766 743 877 827 generi
907 743 1081 808 excolendo
1111 743 1222 810 eadem
1250 745 1318 810 fere

230 858 335 913 aetate
367 871 496 934 operam
528 849 696 933 dederint,
731 850 925 934 Aeschylum
955 850 1025 914 dico
1058 861 1090 916 et
1120 851 1316 936 Euripidem.

231 957 339 1036 Quare
361 956 806 1050 quemadmoduanneckins
827 959 860 1021 in
881 968 1051 1043 utrumque
1071 958 1147 1023 illud
1169 960 1317 1024 similium

231 1086 342 1150 genus,
365 1065 449 1150 quod
472 1065 646 1150 Sophocles
669 1067 737 1130 sive
759 1064 798 1130 de
819 1066 1031 1149 agricolarum
1061 1067 1129 1130 sive
1150 1066 1190 1130 de
1210 1077 1316 1152 pasto·

231 1194 302 1236 rum
322 1172 417 1237 rebus
439 1172 624 1258 desumpsit,
657 1174 702 1237 ita
723 1174 755 1236 in
778 1173 949 1238 eorundem
971 1195 1123 1258 generum
1152 1176 1316 1258 imagines,

231 1303 313 1367 quae
333 1280 418 1366 apud
440 1281 636 1367 Aeschylum
656 1291 689 1346 et
710 1281 896 1367 Euripidem
918 1283 1132 1364 inveniuntur,
1158 1283 1318 1367 inquirere

231 1386 308 1453 mihi
329 1389 526 1473 propositum
550 1398 607 1472 est,
629 1398 664 1452 ut
686 1410 748 1473 qno
770 1388 865 1452 modo
887 1390 919 1452 in
941 1389 990 1453 his
1005 1387 1100 1453 rebus
1115 1389 1199 1454 inter
1213 1411 1248 1453 se
1262 1399 1318 1453 aut

231 1497 431 1560 consentiant
452 1505 508 1560 aut
529 1495 719 1561 dissentiant
739 1504 805 1559 tres
828 1495 871 1559 illi
887 1504 1000 1579 poetae
1019 1496 1142 1579 tragici,
1166 1507 1319 1582 appareat

232 1612 264 1667 et
293 1603 504 1686 intellegatur,
538 1613 643 1667 utrum
665 1602 816 1689 Sophocli
848 1603 977 1687 propria
1009 1603 1040 1666 in
1074 1602 1121 1666 his
1154 1603 1248 1668 rebus
1280 1626 1318 1668 ac

231 1731 359 1794 prorsus
393 1711 561 1796 singularis
593 1712 641 1774 vis
674 1709 843 1776 tribuenda
875 1712 917 1775 sit
947 1732 1057 1774 necne.
1116 1709 1224 1795 Atque
1255 1733 1317 1796 quo

232 1819 357 1884 facilius
372 1821 493 1904 percipi
508 1829 540 1884 et
555 1840 626 1884 cum
640 1820 688 1902 iis,
712 1841 794 1905 qnae
807 1818 966 1884 Lueckius
989 1819 1028 1883 de
1043 1819 1201 1904 Sophocle
1223 1841 1317 1906 expo-

231 1928 302 2009 suit,
336 1928 512 2012 comparari
535 1928 658 2012 possint
680 1927 1018 1992 commentatiunculae
1045 1937 1173 1991 nostrae
1201 1936 1318 2012 partes,

233 2035 365 2099 eandem
384 2036 469 2099 viam
492 2035 718 2119 ingrediemur,
740 2057 836 2120 quam
856 2035 909 2100 ille
928 2045 1054 2100 secutus
1076 2044 1133 2099 est.
1176 2035 1319 2100 Primum

232 2143 330 2226 igitur
351 2143 391 2207 de
412 2143 626 2227 agriculturae
647 2143 743 2207 rebus
765 2145 810 2206 ita
840 2144 900 2207 erit
921 2142 1161 2226 disputandum,
1193 2152 1229 2208 ut
1249 2165 1319 2208 sese

234 2253 394 2335 excipiant
414 2251 646 2335 similitudines,
670 2272 752 2336 quae
774 2250 960 2335 desumptae
981 2260 1056 2314 sunt
1077 2274 1084 2315 :

300 2358 325 2422 I.
356 2359 395 2424 de
416 2360 600 2424 animalium
622 2369 747 2440 natura,
771 2379 904 2443 quorum
927 2378 987 2442 ope
1009 2378 1088 2442 ager
1102 2357 1224 2442 colitur,
1247 2359 1320 2443 equi

355 2476 387 2530 et
409 2468 501 2550 tauri,

283 2575 325 2640 II.
355 2573 395 2640 de
417 2576 541 2641 illorum
563 2596 622 2638 usu
643 2576 676 2638 in
702 2596 781 2660 agro
805 2575 937 2640 colendo
960 2574 1046 2639 etin
1066 2572 1211 2638 vehendo
1233 2573 1319 2658 eqni·

355 2682 526 2768 tendoque,

265 2789 327 2854 III.
357 2790 396 2854 de
418 2791 625 2856 accelerando
648 2813 801 2878 equorum
823 2813 917 2854 cursu
939 2790 1098 2876 boumque
1118 2811 1241 2875 gressu,

264 2897 323 2963 IV.
353 2899 393 2963 de
414 2900 483 2985 ipso
506 2899 577 2982 agri
599 2899 694 2982 cultu,

285 3004 325 3069 V.
355 3006 395 3071 de
417 3008 491 3090 iugo
513 3007 667 3071 armentis
689 3003 844 3072 demendo
868 3015 900 3070 et
921 3006 1027 3089 quiete
1049 3002 1164 3084 danda,

265 3112 322 3178 vl.
354 3114 394 3178 de
425 3114 599 3179 seminibus
622 3114 813 3200 spargendis
835 3111 1017 3198 plantisque
1037 3111 1191 3198 ponendis
1223 3123 1320 3199 atque

355 3220 601 3305 emergentibus,

252 3325 326 3393 VII.
357 3327 397 3394 de
416 3327 547 3393 floribus
570 3331 637 3393 sive
659 3327 870 3413 germinibus,
901 3349 999 3416 quae,
1022 3326 1076 3392 ubi
1098 3328 1226 3412 plantae
1247 3348 1318 3412 pro·

354 3446 519 3519 venerunt,
542 3447 743 3518 enascuntur,
766 3446 862 3524 atque
883 3435 923 3501 de
937 3433 1091 3500 fructibus
1106 3445 1318 3500 maturescen-

353 3542 439 3607 tibus
460 3546 528 3608 sive
549 3543 692 3628 maturis,

232 3649 325 3715 VIII.
355 3651 395 3714 de
415 3651 576 3734 metendo,

264 3756 326 3822 IX.
355 3757 394 3850 de
414 3759 499 3823 omni
521 3777 640 3843 genera
662 3759 851 3844 plantarum.

313 3864 354 3930 In
374 3866 475 3931 altera
497 3867 774 3931 commentationis
795 3877 896 3952 parte,
919 3887 983 3952 qua
1002 3875 1166 3951 pastorum
1180 3885 1232 3929 res
1246 3881 1319 3928 con·

233 3974 383 4056 tinentnr,
415 3974 476 4039 hoo
504 3973 615 4038 ordine
647 3975 802 4057 imagines
825 3973 1042 4059 disponendae
1072 3982 1181 4056 erunt,
1209 3981 1246 4036 ut
1266 3970 1318 4035 de·

234 4081 343 4166 inceps
364 4102 498 4164 agarum
517 4081 557 4146 de
578 4082 627 4164 iis,
651 4103 732 4167 quae
754 4091 829 4146 sunt
850 4081 1012 4167 profectae
1033 4105 1041 4145 :

288 4188 314 4252 I.
358 4189 399 4253 de
420 4188 566 4254 omnihus
594 4188 701 4254 verbis
723 4191 850 4274 proprie
873 4187 1041 4274 ,pascerc“
1064 4185 1320 4273 significantibus

356 4297 428 4361 sive
448 4296 488 4361 de
509 4297 557 4379 iis,
579 4319 661 4382 quae
682 4298 835 4362 cumillis
857 4296 1037 4379 cohaerent,
