3220 5014
713 446 910 546 *je*

263 653 366 737 poetis
388 652 530 738 superari
553 650 717 732 concedes,
740 650 767 714 si
782 647 912 734 quidem
928 647 1027 712 multo
1042 648 1162 712 maiore
1176 646 1355 712 fabularum

188 779 190 783 ·
263 783 395 826 numero
436 761 592 844 imagines
634 759 675 822 ab
717 757 770 822 illo
805 766 975 840 usurpatas
1008 757 1164 820 contineri
1193 755 1354 840 respicias.

262 869 378 955 Neque
405 868 466 932 boc
495 870 564 954 ipso
593 868 625 931 in
665 887 783 950 genere
812 865 916 948 magis
954 864 1123 947 singularis
1161 885 1231 928 esse
1260 871 1356 947 poeta

264 977 390 1042 videtur
417 979 451 1041 in
483 977 544 1042 illis
573 975 772 1060 effingendis.
824 973 920 1059 Apud
944 972 1138 1057 Aeschylum
1161 971 1275 1038 deiude
1296 971 1357 1035 etsi

264 1085 494 1163 similitudines,
506 1103 587 1170 quae
598 1084 763 1149 mollitiem
776 1081 935 1168 quandam
948 1081 1121 1158 redoleant,
1130 1079 1214 1144 haud
1227 1080 1355 1143 omnino

267 1193 497 1274 desiderantur,
518 1203 625 1257 tamen
645 1193 781 1282 rariores
803 1199 878 1254 sunt
899 1210 937 1254 ac
958 1189 1092 1252 multum
1120 1187 1228 1272 abest,
1257 1197 1293 1251 ut
1315 1187 1355 1251 ad

266 1323 376 1368 earum
390 1323 567 1384 numerum,
590 1302 622 1364 in
637 1300 754 1386 quibus
769 1298 923 1364 terribilia
939 1296 1172 1376 describuntur,
1193 1294 1356 1362 accedant.
1383 1262 1399 1439 J

264 1411 333 1475 Iam
354 1411 454 1494 igitur
475 1429 529 1474 eas
552 1409 775 1474 translationes
798 1409 825 1471 si
846 1415 991 1492 spectas,
1022 1427 1101 1490 quas
1131 1404 1170 1468 de
1192 1405 1280 1470 canis
1301 1425 1355 1466 na·

264 1529 335 1583 tura
357 1528 453 1603 poeta
474 1517 660 1602 desumpsit,
681 1517 802 1580 maiore
823 1513 960 1601 quodam
988 1512 1093 1577 studio
1122 1521 1219 1598 atque
1249 1532 1357 1576 amore
1449 1510 1452 1518 ’

264 1628 297 1690 in
321 1625 475 1690 similibus
498 1647 570 1694 eum
593 1635 753 1688 versatum
785 1645 854 1687 esse
875 1621 997 1685 videbis
1027 1619 1067 1684 de
1094 1620 1264 1685 venatione
1284 1640 1356 1704 pro-

264 1734 375 1818 fectis,
417 1755 480 1818 qua
517 1734 647 1797 terroris
678 1731 832 1816 imprimis
861 1729 1030 1793 simulacra
1056 1727 1242 1792 efficiuntur.
1291 1725 1355 1792 Sed

264 1840 456 1906 monendum
486 1852 551 1924 est,
584 1863 624 1904 ne
657 1861 711 1904 eas
743 1839 871 1924 quidem
904 1839 1080 1921 imagines,
1113 1858 1191 1922 quas
1223 1836 1263 1901 de
1291 1833 1356 1899 fido

266 1972 402 2036 gregum
423 1949 554 2014 custode
575 1950 692 2033 petitas
720 1948 901 2026 attulimus,
930 1945 972 2011 ad
1001 1967 1097 2010 unam
1125 1965 1235 2009 omnes
1263 1953 1355 2029 aptas

265 2081 335 2124 esse
356 2058 395 2122 ad
418 2056 616 2122 audientium
638 2057 760 2120 animos
785 2054 999 2121 delectandos.
1031 2053 1117 2118 Nam
1131 2075 1213 2138 quae
1229 2061 1357 2116 exstant

266 2168 381 2250 Agam.
403 2188 432 2227 v.
456 2166 515 2230 607
539 2174 570 2230 et
592 2165 653 2230 896
675 2164 836 2250 exempla,
865 2185 936 2227 cum
965 2184 984 2226 a
1006 2161 1264 2245 Clytaemnestra
1285 2181 1355 2245 pro·
1402 2181 1416 2242 ,ζ

264 2274 423 2357 ferantur,
453 2296 536 2361 quae
563 2274 638 2359 quid
662 2283 773 2338 contra
794 2273 947 2336 maritum
965 2271 1129 2353 moliatur,
1159 2269 1357 2334 dissimulare
1422 2324 1424 2339 ,

266 2383 328 2448 illie
352 2382 468 2465 studet,
491 2384 536 2447 eis
551 2381 694 2459 efficitur,
718 2391 753 2446 nt
774 2381 878 2464 magis
894 2379 1121 2464 perturbentur
1142 2378 1238 2442 animi
1260 2385 1357 2462 atque

265 2490 305 2554 de
327 2491 579 2574 Agamemnonis
602 2491 669 2553 vita
690 2491 777 2554 anxii
798 2488 887 2572 fiant,
910 2509 1004 2573 quam
1026 2497 1061 2552 nt
1077 2485 1303 2567 confirmentur
1325 2495 1356 2549 et

265 2599 438 2683 erigantur.
481 2597 673 2681 Sophoclem
695 2608 801 2662 autem
822 2596 883 2661 hoc
905 2617 1032 2681 quoque
1053 2597 1087 2659 in
1107 2616 1226 2679 genere
1248 2614 1356 2658 aarum

266 2727 387 2790 rerum,
418 2705 502 2770 unde
530 2705 645 2769 similia
665 2707 788 2791 petivit,
810 2706 991 2768 universam
1013 2713 1158 2768 naturam
1180 2703 1358 2787 respexisse
1393 2699 1413 2728 's

267 2835 305 2877 ac
319 2815 390 2898 pari
406 2813 473 2876 fere
488 2811 592 2876 studio
609 2813 774 2896 imagines,
791 2812 906 2897 quibus
921 2820 976 2875 aut
995 2813 1175 2876 excitentur
1195 2809 1356 2874 hominum

267 2923 364 2985 animi
385 2931 441 2985 aut
463 2921 661 3003 mitigentur,
684 2920 865 3004 amplexum
896 2941 976 3001 esse,
999 2941 1080 3002 eum,
1103 2920 1156 3003 qui
1178 2919 1357 2983 accuratius

268 3030 439 3115 perspiciat
454 3029 600 3113 exempla
614 3051 634 3092 a
645 3027 787 3094 Lueckio
803 3037 1011 3113 pertractata,
1026 3027 1138 3111 fugere
1153 3048 1217 3090 non
1230 3027 1357 3111 poterit.

265 3136 315 3201 Ac
326 3138 390 3200 iam
401 3146 504 3201 totum
515 3158 617 3220 genus
629 3137 805 3221 imaginum
814 3146 996 3220 spectantes
1008 3137 1034 3198 si
1042 3135 1183 3218 singulas
1192 3134 1232 3198 de
1243 3132 1357 3219 quibus

266 3245 388 3329 egimus
401 3245 518 3308 classes
529 3246 613 3309 inter
624 3266 657 3308 se
670 3265 900 3329 comparamus,
915 3245 1089 3328 insigniore
1101 3243 1239 3328 quodam
1251 3241 1356 3307 studio

268 3362 366 3437 atque
387 3373 495 3415 amore
517 3353 549 3415 in
572 3353 616 3415 eis
638 3350 896 3415 similitudinibus
917 3351 1130 3436 perpoliendis
1152 3349 1356 3415 exornandis·

267 3481 329 3545 que
350 3469 461 3545 poetas
484 3470 627 3523 versatos
650 3480 719 3523 esse
739 3459 893 3541 videmus,
923 3480 1001 3544 quas
1024 3458 1063 3523 de
1084 3457 1267 3522 animalium
1289 3457 1356 3522 illo-

265 3589 335 3633 rum
357 3588 440 3652 quae
461 3567 524 3631 hnc
539 3569 700 3652 pertinent
721 3577 836 3631 natura
857 3567 1067 3653 omnibusque
1081 3567 1127 3630 eis
1148 3566 1252 3647 rebus,
1275 3587 1357 3652 quae

265 3674 304 3739 ad
336 3677 434 3740 vitam
468 3696 576 3739 eorum
609 3674 797 3740 referendae
829 3684 922 3760 sunt,
956 3674 1208 3758 desumpserunt.
1263 3673 1356 3753 Quod

265 3785 381 3848 mirum
400 3804 467 3847 non
489 3805 559 3847 esse
581 3804 652 3846 cum
674 3805 714 3846 ex
736 3784 790 3864 eis,
814 3804 896 3868 quae
925 3783 1014 3846 initio
1044 3781 1135 3847 huius
1165 3792 1355 3846 commenta·

265 3891 361 3955 tionis
384 3890 461 3974 dixi,
485 3892 562 3955 satis
584 3899 749 3974 appareat,
773 3912 855 3975 quae
876 3889 919 3954 ibi
942 3891 1066 3974 planius
1089 3891 1231 3974 exposui,
1254 3912 1291 3954 ea
1305 3889 1357 3953 hic

265 4007 410 4084 repetere
431 4000 514 4062 nolo.
557 3997 628 4062 Iam
650 4019 725 4061 vero
748 4007 783 4062 ut
802 3999 912 4083 paucis
934 3999 1191 4083 complectamur,
1214 3996 1356 4082 quaeda

266 4105 367 4170 tribus
390 4106 450 4170 illis
472 4107 574 4190 poetis
597 4106 727 4190 tragicis
743 4107 893 4170 statuisse
907 4104 1000 4170 nobis
1015 4105 1169 4189 videmur,
1192 4125 1263 4169 cnm
1279 4105 1356 4168 satis

265 4214 384 4279 multae
414 4215 588 4298 imagines,
623 4235 705 4301 quae
737 4214 891 4298 singulari
918 4213 1054 4300 quadam
1085 4224 1155 4280 arte
1175 4235 1213 4278 ac
1234 4215 1357 4278 ratione

266 4323 462 4408 compositae
483 4321 662 4414 videantur,
694 4331 727 4386 et
748 4321 833 4414 apud
855 4321 1050 4412 Aeschylum
1073 4332 1105 4387 et
1125 4321 1211 4415 apud
1233 4321 1355 4414 Sopho-
