3220 5014
691 435 889 534 -ιο-

564 627 669 723 όμνος
689 639 725 720 ἐξ
745 628 902 728 Ἐρινύων

506 778 511 786 ‘
564 747 697 832 δέσμιος
718 754 860 834 φρενῶν,
883 739 987 836 όφόρ-

564 878 690 938 μικτος,
712 845 818 922 αόονὰ
840 861 984 943 βροτοῖς.

242 961 337 1040 Quod
371 961 503 1027 vocibus
533 962 710 1047 explicatur
748 985 813 1029 non
843 964 944 1028 solum
975 967 1112 1050 ξηρασία
1140 975 1172 1030 et
1203 955 1338 1050 αὐχμὸς,

243 1069 299 1134 sed
322 1071 420 1134 etiam
441 1063 567 1155 φθορὰ,
589 1065 815 1155 κακοπάθεια,
837 1065 934 1159 λύπη.
977 1072 1061 1138 Sunt
1076 1074 1225 1136 nimirum
1241 1075 1338 1159 signi-

243 1177 418 1260 ficationes,
441 1177 556 1262 quibus
579 1177 655 1263 quid
677 1180 889 1244 translatione
910 1202 987 1244 usus
1008 1190 1104 1266 poeta
1125 1181 1243 1247 dixerit
1265 1204 1337 1266 pro-

244 1287 313 1370 prie
340 1284 493 1350 redditur.
543 1285 608 1351 Sed
634 1294 670 1349 ut
700 1288 848 1370 imaginis
878 1289 943 1353 vim
974 1289 1100 1373 planius
1131 1310 1338 1374 exponamus,

246 1393 413 1458 Furiarum
436 1392 590 1477 hymnum
618 1403 653 1458 ut
683 1394 791 1458 tabem
824 1395 984 1480 quandam
1006 1395 1171 1462 homiuum
1192 1396 1341 1481 describi,

245 1502 363 1585 quippe
396 1502 450 1586 qui
482 1502 553 1566 illos
586 1503 676 1586 quasi
709 1501 874 1566 tabescere
912 1502 1025 1586 faciat,
1068 1503 1239 1569 dicendum
1271 1506 1340 1569 erit.

244 1608 368 1672 Eodem
390 1629 485 1694 porro
507 1608 711 1674 referendum
741 1631 812 1674 esse
831 1611 967 1674 verbum
989 1613 1213 1696 μαραίνεσθαι
1241 1622 1273 1677 et
1301 1634 1341 1677 ex

246 1714 416 1780 Eustathio
432 1715 593 1800 discimus,
615 1719 670 1803 qui
692 1718 801 1800 tradit,
823 1718 863 1782 de
881 1717 1012 1783 floribus
1027 1719 1090 1784 dici
1105 1719 1181 1785 illud
1196 1719 1341 1804 verbum,

248 1833 339 1888 etex
361 1825 586 1911 Hermogene,
617 1827 671 1912 qui
701 1849 732 1911 p.
754 1827 816 1892 416
844 1827 984 1913 explicat
1006 1851 1013 1892 :
1036 1825 1093 1893 έιιὶ
1113 1816 1252 1893 ἀνθέων
1271 1831 1342 1893 τῶν

244 1933 497 2019 μαραινομένων
519 1928 558 1999 τὸ
580 1949 768 2021 καταρρεῖν.
811 1933 903 2000 Idem
924 1937 1024 2019 igitur
1044 1936 1140 2019 valet,
1163 1934 1249 2021 quod
1263 1935 1341 2001 illud

245 2030 451 2120 αόαίνεσθαι,
474 2051 572 2127 atque
595 2044 702 2107 activa
715 2042 819 2106 forma
831 2043 984 2127 μαραίνω
1007 2042 1156 2107 scribitur
1177 2064 1236 2127 pro
1258 2063 1340 2106 mar-

244 2171 371 2213 cescere
392 2149 476 2212 facio
498 2150 566 2214 sive
589 2149 763 2214 marcidum
786 2149 895 2214 reddo.
938 2149 1109 2214 Translate
1128 2159 1235 2213 autem
1257 2151 1341 2234 posi·

244 2266 312 2320 tum
333 2255 389 2320 ubi
410 2255 471 2320 hoc
492 2256 628 2321 verbum
648 2256 741 2321 nobis
764 2258 920 2340 occurrit,
950 2256 1139 2321 absumendi
1167 2268 1200 2322 et
1221 2258 1339 2322 exstin-

245 2364 364 2446 guendi
394 2365 525 2428 notione
552 2363 733 2449 praeditum
768 2374 817 2429 est
846 2365 898 2428 vel
929 2386 1059 2450 prorsus
1092 2366 1125 2428 in
1156 2366 1341 2429 universum

245 2469 361 2534 dicitur
381 2493 439 2556 pro
461 2471 604 2554 affligere
617 2471 724 2556 aliqua
745 2494 788 2536 re.
834 2471 933 2537 Cuius
948 2473 1078 2558 quidem
1092 2495 1167 2537 usus
1183 2472 1339 2558 exempla,

245 2578 278 2641 in
300 2578 416 2663 quibus
438 2581 543 2643 active
564 2579 642 2644 illud
661 2579 794 2644 verbum
817 2589 1005 2666 usurpatur,
1036 2581 1121 2665 apud
1143 2581 1341 2666 Aeschylum

246 2687 452 2752 inveniuntur
474 2697 506 2752 et
527 2687 597 2751 loco
620 2687 673 2752 illo
695 2687 802 2752 Prom.
825 2710 854 2751 v.
877 2688 939 2753 596
962 2709 1027 2773 seq.
1051 2697 1216 2768 exstante,
1246 2710 1350 2774 quem·
1366 2669 1378 2679 ⁰

243 2795 284 2860 dc
305 2796 393 2859 vocis
415 2795 557 2880 κέντρον
577 2817 636 2859 usu
659 2797 815 2860 translato
837 2795 1038 2882 disputantes
1060 2817 1157 2880 supra
1178 2797 1242 2861 iam
1256 2817 1340 2860 com·

244 2903 518 2967 memoravimus:
709 2899 712 2905 ’

442 3005 613 3076 θεόσυτόν
633 3034 671 3076 τε
692 3005 796 3078 νόσον

416 3195 419 3200 ,
443 3107 628 3203 οόνόμασας,
651 3106 672 3184 ό
693 3121 846 3206 μαραίνει
866 3142 907 3203 με
927 3120 1066 3206 χρίουσα
1088 3118 1240 3204 κέντροις

245 3234 277 3290 et
298 3225 390 3292 Eum.
412 3249 442 3289 v.
468 3227 558 3292 139:

601 3328 741 3420 μάραινε
763 3334 930 3420 δευτέροις
950 3326 1139 3417 διώγμασιν.

246 3441 354 3527 Atque
375 3443 517 3507 eiusdem
538 3442 667 3507 fabulae
689 3465 718 3506 v.
741 3443 803 3508 280
821 3442 957 3506 formam
978 3441 1141 3526 passivam
1162 3438 1338 3504 habemus:

441 3552 547 3636 βρίζει
569 3544 632 3636 γὰρ
653 3545 734 3635 αἷμα
754 3551 810 3616 καὶ
830 3551 1027 3636 μαραίνεται
1046 3540 1153 3633 χρεός.

244 3654 416 3723 Praeterea
445 3657 495 3722 bis
524 3659 565 3722 ab
596 3657 750 3743 Euripide
771 3658 993 3743 μαραίνεσθαι
1019 3665 1190 3740 usurpatur
1217 3653 1258 3719 de
1291 3675 1338 3738 eo,

244 3765 298 3849 qui
319 3765 431 3829 morbo
454 3763 629 3830 conficitur.
673 3764 820 3851 Uterque
841 3775 949 3830 autem
970 3765 1057 3828 locus
1080 3763 1113 3826 in
1127 3762 1197 3826 Alc.
1221 3771 1337 3846 exstat,

245 3873 333 3936 cuius
356 3894 385 3937 v.
408 3872 627 3957 2031egimus
650 3897 657 3937 :

542 3981 659 4061 φθίνει
679 3973 742 4065 γὰρ
762 3981 819 4045 καὶ
838 3979 1034 4065 μαραίνεται
1054 3971 1146 4063 νόσῳ

245 4095 341 4171 atque
364 4109 394 4150 v.
416 4087 506 4152 237:
699 4160 701 4164 ,

443 4207 582 4279 γυναῖκα
602 4195 851 4280 μαραινομένων
870 4187 971 4278 νόσφ’

326 4301 397 4367 Iam
418 4302 460 4367 ad
481 4304 639 4386 imagines
662 4303 807 4367 venimus
828 4300 869 4366 de
890 4300 1023 4364 floribus
1045 4300 1114 4364 sive
1142 4299 1338 4382 germinibus

961 4421 967 4430 '
1116 4417 1138 4478 4
