3220 5014
826 409 869 477 ’14

297 603 438 697 κράζων.
481 611 669 700 Eademque
688 613 925 697 significatione
945 621 1117 698 usurpatur
1137 609 1271 676 verbum
1296 600 1389 677 ὖλάω

298 722 366 786 sive
386 710 537 800 ὑλάσκω,
570 721 655 808 quod
687 722 904 809 metaphorice
936 721 1056 787 dictum
1091 719 1245 805 Aeschyli
1276 719 1388 806 Suppl.

297 850 327 893 v.
348 828 410 896 878
431 828 524 894 nobis
546 831 713 895 occurrit:

543 931 680 1024 λύμασις
700 929 721 1024 ἡ
740 931 808 1024 πρὸ
828 942 890 1022 γᾶς
910 927 1054 1004 ditiones.

297 1044 540 1111 Substantivum
562 1056 680 1130 autem,
703 1045 788 1132 quod
810 1045 851 1110 de
872 1044 970 1110 verbo
992 1043 1046 1110 illo
1067 1043 1240 1123 derivatur,
1261 1033 1389 1127 ὕλαγμα

297 1151 346 1217 bis
367 1151 452 1238 apud
474 1152 610 1218 eundem
631 1164 759 1240 poetam
780 1154 958 1220 invenimus
986 1153 1027 1218 de
1057 1153 1135 1239 ipsis
1158 1152 1263 1218 verbis
1285 1151 1388 1237 indig-

296 1259 454 1326 nabundis
476 1273 663 1347 usurpatum
683 1263 800 1346 Agam.
824 1283 854 1326 v.
882 1262 956 1328 1631
981 1283 1048 1348 seq.
1071 1285 1079 1326 ε

494 1363 535 1436 σὺ
556 1370 584 1436 d
606 1369 755 1457 ἐξορίνας
775 1372 907 1457 νηπίοις
927 1361 1110 1456 ὑλάγμασιν

495 1468 557 1562 iso

296 1595 394 1673 atquc
414 1583 534 1650 ibidem
555 1605 585 1650 u.
610 1585 690 1650 1612
712 1609 720 1650 :

494 1686 539 1778 μὴ
560 1687 765 1779 προτιμήσῃς
784 1695 937 1778 ματαίων
956 1694 1056 1760 τῶνδ’
1077 1683 1285 1778 ὑλαγμάτων.

297 1800 425 1866 Deinde
455 1803 488 1866 in
521 1800 633 1866 eadem
664 1801 774 1866 fabula
805 1802 938 1867 alterum
977 1801 1055 1868 illud
1093 1800 1226 1867 verbum
1255 1791 1391 1883 βαΰζειν

296 1908 449 1974 habemus
471 1930 501 1974 v.
522 1909 614 1975 449:

642 2012 722 2084 τάδε
743 2012 818 2103 σῖγά
839 2041 889 2096 τις
909 2010 1033 2103 βαΰζει,

296 2147 379 2210 quse
393 2135 519 2190 vertere
539 2127 636 2190 licet:
657 2127 703 2191 ita
717 2127 844 2192 silentio
865 2127 957 2192 multi
978 2127 1127 2191 fremunt.
1170 2125 1241 2194 Nec
1254 2127 1389 2192 multum

295 2234 336 2297 ab
357 2233 407 2298 his
429 2232 557 2298 diversa
576 2244 669 2316 sunt,
704 2254 786 2320 quse
818 2235 908 2300 Pers.
930 2253 961 2299 v.
988 2235 1026 2298 12
1056 2243 1201 2317 exstant,
1233 2232 1288 2298 ubi
1317 2254 1389 2297 cum

296 2339 457 2406 Meinekio
478 2342 650 2426 legendum
672 2342 799 2407 videtur
821 2367 829 2407 ε

542 2455 633 2516 πᾶσα
656 2444 719 2536 γὰρ
739 2443 829 2534 ίσχὺς
854 2440 1078 2536 Ἀσιατογενὴς

546 2548 663 2643 ᾤχοντ’.
686 2551 783 2624 ἐνεὸν
804 2559 833 2624 d’
853 2549 958 2644 ἄνδρα
979 2550 1123 2643 βαΰζειν.

297 2665 421 2746 Quibus
443 2665 560 2749 verbis,
582 2652 610 2730 'si
632 2667 704 2752 quis
725 2667 851 2749 fremat,
872 2665 959 2752 quod
980 2666 1100 2732 Persae
1119 2665 1159 2732 nd
1178 2665 1296 2731 bellum
1316 2685 1387 2750 pro·

296 2774 372 2838 fecti
401 2775 483 2857 sint,
515 2795 646 2859 operam
675 2774 807 2858 perdere
836 2773 970 2858 dicitur,
1004 2775 1079 2861 quia
1107 2773 1256 2839 absentes
1287 2772 1333 2838 illi
1354 2794 1389 2837 se

296 2882 470 2966 vituperari
491 2882 621 2946 minime
642 2881 791 2946 sentiant.
824 2882 937 2947 Restat
957 2880 1150 2948 adiectivum
1171 2873 1385 2964 δυσβάῦκτος,

296 2988 381 3076 quod
404 2989 543 3054 eiusdem
567 2988 693 3054 fabulae
715 3011 744 3054 v.
760 2989 822 3054 573
836 3011 902 3076 seq.
926 2990 1092 3055 inventum
1113 2988 1198 3054 idem
1220 2988 1288 3054 fors
1302 2980 1388 3054 valet

296 3108 394 3182 atque
414 3096 637 3162 lamentabilis.
679 3097 763 3164 Sunt
785 3107 892 3162 autem
912 3097 1030 3174 verba,
1064 3118 1147 3184 quae
1166 3096 1220 3161 illo
1241 3097 1312 3162 loco
1333 3118 1387 3162 ex·

297 3215 393 3287 stant,
414 3205 461 3270 ita
482 3226 631 3290 expressa
653 3228 661 3269 ε

641 3325 730 3380 τεῖνε
751 3313 788 3378 di
809 3303 997 3395 δυβὰὓατον

641 3424 762 3501 βοᾶτιν
782 3414 946 3487 τάλαιναν
966 3410 1081 3488 αὐδάν.

379 3637 504 3718 Quibus
535 3639 674 3723 peractis
707 3659 779 3703 oum
818 3640 921 3704 omnis
952 3641 1087 3704 materia
1126 3649 1316 3726 consumpta
1346 3641 1388 3705 sit

294 3767 399 3833 neque
420 3746 484 3812 ulla
504 3755 671 3832 praeterea
691 3747 797 3831 imago
819 3746 1019 3833 suppeditet,
1040 3747 1117 3832 quid
1145 3750 1236 3834 quasi
1264 3769 1387 3814 summa

295 3855 392 3919 totius
414 3855 609 3940 quaestionis
632 3854 795 3938 efficiatur,
817 3865 1004 3941 perorantes
1030 3877 1235 3941 exponemus.
1277 3857 1387 3942 Atque

296 3961 380 4048 quod
402 3962 435 4025 in
456 3961 520 4027 fine
540 3963 641 4047 partis
662 3963 755 4045 illius,
787 3984 851 4049 qua
872 3965 1126 4047 comparationes
1148 3964 1385 4030 translationes-

296 4090 358 4156 que
380 4070 420 4135 dc
440 4070 655 4154 agriculturae
675 4069 770 4135 robus
792 4071 913 4156 petitae
934 4070 1141 4136 illustrandae
1169 4090 1277 4155 erant,
1307 4071 1385 4137 iudi·

296 4180 380 4244 cium
402 4178 550 4262 fecimus,
579 4178 612 4243 id
642 4201 682 4244 ne
703 4178 744 4243 ab
766 4179 827 4244 hoc
848 4177 976 4266 quidem
998 4200 1116 4264 genere
1136 4179 1274 4245 alienum
1295 4189 1384 4266 puta·

297 4309 376 4356 mus.
427 4285 511 4358 Nam
542 4285 729 4380 Euripidem
758 4287 906 4358 similium
937 4289 1028 4382 copia
1057 4310 1077 4370 a
1104 4287 1234 4376 reliquis
1263 4287 1385 4353 dnobus
