3220 5014
808 424 847 490 10

289 623 476 708 Aegisthus,
497 624 552 708 qni
572 624 636 688 iam
657 625 900 709 Agamemnone
919 624 1088 690 interfecto
1117 645 1153 690 se
1173 623 1295 689 civibus
1316 625 1373 689 im·

289 741 472 817 peraturum
493 753 563 798 esse
591 731 685 816 dicit,
715 733 831 818 Agem.
854 755 884 796 v.
909 733 989 799 1639
1010 755 1098 819 seqq.
1121 733 1200 798 heco
1221 733 1344 819 profert
1365 757 1386 802 :¹

733 833 796 906 τὸν
817 841 852 906 δὲ
873 833 918 926 μὴ
937 834 1127 927 πειθάνορα

487 943 592 1032 ζεύξω
612 949 758 1033 βαρείαις
779 939 854 1014 οὔτε
873 941 918 1034 μὴ
938 942 1139 1034 σειραφόρον

486 1059 660 1142 κριθῶντα
680 1060 806 1122 πῶλον.

292 1165 342 1230 Ao
363 1164 560 1249 respicienda
579 1164 737 1248 videntur,
760 1183 842 1250 quae
862 1163 902 1229 de
923 1164 984 1229 hoo
1010 1164 1080 1229 loco
1101 1163 1183 1229 bene
1204 1163 1375 1248 explicavit

292 1273 457 1338 Gustarus
478 1270 672 1352 Rudtkins*,
696 1274 760 1358 qui,
782 1293 854 1336 cnm
868 1266 1068 1358 σειραφόρος
1089 1273 1156 1336 sive
1177 1285 1320 1357 σειραῖος
1334 1269 1376 1335 sit

291 1401 390 1464 equus
411 1379 539 1462 funalis,
562 1379 754 1463 Aegisthum
774 1381 888 1445 minari
910 1379 1004 1464 dicit,
1036 1401 1070 1446 ιο
1100 1399 1180 1464 eum,
1211 1380 1265 1465 qui
1286 1399 1375 1465 prae-

291 1489 391 1572 ceptis
413 1488 478 1552 suis
500 1487 655 1553 obsistere
670 1499 810 1566 conetur,
832 1489 949 1554 funalis
965 1489 1037 1573 equi
1051 1489 1121 1552 loco
1135 1488 1376 1574 προσκείμενον

291 1593 398 1661 ἵππον
419 1617 514 1682 quem
534 1597 719 1660 vocaverint
739 1595 936 1660 redditurum
957 1598 1130 1682 iugumque
1157 1597 1187 1660 ei
1213 1596 1375 1681 impositu-

291 1723 362 1768 rum
384 1725 463 1770 esse.
508 1703 743 1789 Comprobatur
763 1715 869 1769 eutem
891 1704 1059 1790 explicatio
1088 1703 1143 1769 illa
1163 1704 1251 1768 vocis
1272 1719 1376 1788 σειρα-

292 1805 398 1897 φόρος
418 1813 487 1877 sive
507 1825 660 1898 σειραῖος,
683 1833 778 1898 quem
801 1833 840 1878 ex
861 1811 1029 1897 Sophoclis
1060 1811 1231 1876 scholiasta
1261 1811 1376 1894 attulit,

292 1921 340 2004 iis,
362 1941 444 2008 quae
465 1919 550 2006 apud
572 1920 769 2006 Hesychium
799 1930 831 1985 et
853 1919 984 1987 Suidum
1006 1920 1046 1985 de
1067 1920 1179 1984 eedem
1198 1941 1234 1984 re
1254 1919 1375 1984 inveni·

291 2037 398 2094 untur·
439 2028 524 2098 Nam
540 2029 624 2114 apud
640 2029 728 2094 illum
742 2030 878 2113 legimus
894 2051 901 2094 z
924 2021 1140 2114 σειραφόρον·
1163 2017 1377 2113 ἡγεμονικόν·

291 2141 450 2223 μετῆκται
480 2136 516 2204 dl
548 2127 616 2204 ἀπὸ
648 2141 719 2203 τῶν
751 2137 962 2222 δεξιοσείρων
993 2134 1124 2214 ἵππων,
1157 2134 1243 2221 apud
1263 2135 1377 2200 huno:

293 2259 437 2330 σειραῖος
468 2243 588 2322 ἵππος·
622 2236 640 2310 ὃ
673 2243 736 2325 ἔξω
767 2249 829 2310 τοῦ
858 2247 974 2329 ζυγοῦ,
1006 2235 1025 2308 ὁ
1056 2237 1171 2323 δεξιός.
1214 2242 1379 2309 sedesve

293 2352 403 2418 credas
422 2353 546 2418 funales
569 2375 667 2439 equos
687 2373 812 2438 semper
834 2363 1037 2417 contumaces
1059 2371 1129 2417 esec
1154 2361 1281 2436 poetam
1303 2371 1377 2415 con-

293 2460 433 2546 tendere,
455 2455 553 2526 immo
573 2460 681 2526 addito
703 2461 802 2526 verbo
824 2463 996 2547 κριθῶντα
1018 2459 1172 2524 violenter
1187 2479 1222 2524 se
1236 2460 1379 2544 gerentis

293 2570 437 2636 animulis
458 2570 622 2634 notionem
642 2569 777 2654 exprimi
799 2578 1047 2634 consentaneum
1077 2577 1140 2651 est,
1171 2588 1242 2632 cum
1271 2566 1317 2632 de
1341 2589 1378 2632 eo

294 2699 376 2763 equo
397 2676 474 2742 illud
496 2676 629 2760 dicatur,
650 2677 715 2763 qui,
736 2677 792 2742 nbi
813 2677 912 2742 nimia
932 2675 1043 2741 hordei
1065 2677 1133 2740 sive
1153 2696 1274 2742 avenae
1288 2676 1381 2760 copie

294 2795 404 2872 pastus
425 2794 483 2868 est,
505 2786 631 2850 lascivit
659 2794 756 2870 etque
788 2786 855 2849 sive
887 2785 977 2850 freno
1008 2785 1076 2848 sive
1107 2785 1182 2868 iugo
1210 2793 1378 2868 repugnet.

294 2891 420 2959 Deinde
442 2891 631 2958 vocabulum
652 2895 784 2976 πῶλος,
807 2913 878 2957 cum
899 2891 1020 2980 pullum
1042 2894 1192 2978 equinum
1212 2890 1379 2977 significet,

293 3001 334 3065 od
355 3022 470 3087 pueros
492 3022 618 3087 quoque
649 3010 682 3066 et
711 3001 751 3066 ed
779 3001 900 3086 puellas
929 3000 972 3065 ab
999 3009 1136 3086 utroque
1162 3010 1257 3086 poete
1277 3009 1379 3064 trans—

294 3109 403 3173 fertur.
447 3108 545 3174 Ouius
574 3131 649 3173 usne
680 3109 827 3195 exempla
854 3108 1033 3192 Aeschyleo
1063 3109 1266 3172 eontinentur
1292 3109 1380 3191 locis,

295 3219 349 3303 qui
380 3225 508 3282 exstant
539 3215 681 3302 Choeph.
713 3236 743 3281 v.
767 3216 845 3299 794,
885 3215 939 3281 ubi
979 3204 1100 3302 ἀνδρὸς
1132 3217 1233 3299 φίλου
1263 3218 1381 3282 πῶλον

294 3327 443 3393 Orestem
464 3335 559 3411 poete
579 3327 733 3409 nominet,
757 3325 1010 3410 Agamemnonis
1031 3323 1140 3408 filium,
1172 3333 1270 3410 atque
1291 3325 1380 3409 Sept.

295 3457 320 3498 c.
343 3433 402 3499 Th.
425 3455 454 3498 v.
476 3433 556 3512 454,
585 3432 640 3496 ubi
671 3433 777 3498 verbis
808 3437 968 3498 πωλικῶν
994 3432 1029 3498 θ’
1052 3427 1201 3498 ἑδωλίων
1221 3433 1381 3518 virginum

295 3540 445 3606 conclave
477 3539 683 3625 significetur.
746 3537 797 3604 Ex
828 3539 983 3626 Euripide
1013 3548 1120 3606 eutem
1151 3543 1289 3625 primum
1320 3539 1382 3604 huo

295 3647 474 3715 afferendus
496 3658 546 3714 est
566 3647 685 3714 Phoen.
708 3670 739 3712 r.
760 3649 839 3732 947,
871 3648 926 3713 ubi
955 3647 1061 3714 verbis
1091 3633 1191 3726 οὗτος
1211 3649 1246 3714 δὲ
1267 3651 1381 3725 πῶλος

295 3757 505 3840 Menoeceus,
539 3756 685 3822 Creontis
716 3756 818 3840 lilius,
858 3757 1037 3841 insignitur.
1099 3757 1152 3821 Ad
1184 3756 1382 3842 Polyxenam

296 3866 410 3932 deinde
441 3868 621 3951 pertinent,
654 3863 808 3930 Hecubae
840 3866 947 3949 filiam,
980 3884 1062 3950 queo
1093 3865 1227 3949 legimus
1249 3865 1328 3931 Heu.
1350 3885 1381 3930 v.

298 3974 357 4038 143
377 3995 474 4059 seq.:

301 4131 495 4140 -.--—-—--·

366 4221 382 4254 ⁴
399 4225 439 4274 De
457 4224 539 4292 tropis
561 4225 631 4294 apud
653 4224 768 4298 tragicos
791 4223 915 4280 Graecos.
952 4223 1061 4274 Dissert.
1080 4221 1168 4288 inaug.
1203 4221 1288 4272 Berol.
1310 4222 1382 4272 1865.

296 4325 321 4386 p.
340 4312 382 4360 ³1.
