3220 5014
316 665 473 729 rationem
493 661 728 746 neglegendam
751 661 848 724 fuisse
869 670 1011 745 apparet,
1034 659 1151 744 quippe
1172 680 1254 744 quae
1274 660 1307 722 in
1329 658 1401 723 deo·
1462 671 1468 686 ·

316 795 388 837 rum
410 772 495 836 cultu
517 770 602 836 haud
624 771 755 834 minoris
777 768 923 833 facienda
945 779 1060 852 essent,
1088 789 1184 854 quam
1205 769 1237 831 in
1259 768 1402 832 certami-

317 880 410 945 nibus
438 878 565 964 publico
597 879 727 942 consilio
762 877 961 958 constitutis,
989 878 1023 939 in
1051 876 1165 962 quibus
1195 897 1259 940 non
1289 876 1402 957 minus,

318 1008 413 1074 quam
435 987 496 1071 ipsi
517 985 669 1064 homines,
690 984 731 1048 ad
754 985 918 1051 victoriam
941 982 1165 1069 reportandam
1192 985 1315 1047 intenta
1336 1004 1405 1046 esse

317 1094 517 1160 videbantur.
560 1093 669 1177 Atque
692 1114 761 1156 cum
784 1093 848 1156 iam
869 1093 1097 1177 antiquissimis
1120 1090 1316 1176 temporibus
1330 1091 1404 1153 ima·

317 1201 444 1287 ginibus
475 1201 515 1265 ab
544 1201 668 1265 illorum
698 1210 813 1265 natura
844 1201 990 1285 petendis
1011 1209 1125 1285 poetae
1157 1199 1340 1280 studerent,
1374 1199 1405 1261 id

320 1310 404 1395 quod
437 1331 478 1374 ex
509 1330 628 1392 magna
661 1310 932 1393 comparationum
973 1307 1278 1392 translationumque
1315 1307 1406 1392 copia

320 1419 474 1503 imprimis
496 1416 602 1481 vivide
625 1438 857 1502 expressarum,
886 1438 965 1502 quas
987 1415 1145 1480 Homerus
1165 1414 1240 1479 inde
1262 1415 1404 1499 desump-

320 1526 371 1607 sit,
393 1526 472 1590 satis
492 1534 636 1609 apparet,
659 1545 701 1588 ne
721 1525 873 1588 miramur
895 1523 1032 1608 quidem,
1056 1522 1141 1609 quod
1163 1524 1302 1606 tragicos
1330 1544 1404 1607 quo·

321 1654 382 1718 que
410 1641 522 1716 poetas
554 1632 737 1698 animalium
773 1632 899 1696 illorum
933 1632 1073 1696 studium
1108 1631 1313 1696 vehementer
1341 1652 1405 1694 am·

320 1740 430 1824 plexos
446 1762 516 1804 esse
531 1761 703 1825 eorumque
718 1749 864 1803 naturam
880 1748 1042 1824 tamquam
1057 1739 1228 1803 humanam
1249 1737 1408 1802 effinxisse

321 1849 551 1932 cognoscimus.
613 1847 798 1914 Invenimus
827 1855 934 1912 autem
966 1847 1167 1922 animalium,
1201 1868 1240 1910 ex
1274 1866 1407 1930 quorum

322 1957 391 2020 vita
410 1977 450 2020 ac
470 1964 586 2020 natura
606 1956 761 2039 imagines
783 1955 828 2020 illi
851 1954 1112 2040 desumpserunt,
1144 1963 1270 2038 praeter
1293 1975 1407 2040 equum

322 2073 354 2130 et
375 2064 489 2129 hovem
510 2064 665 2149 imprimis
688 2084 818 2145 canem,
849 2063 915 2126 sive
944 2062 1000 2126 lidi
1030 2062 1141 2127 domus
1171 2062 1310 2127 custodis
1341 2063 1409 2126 sive

321 2173 483 2236 venatoris
516 2173 640 2236 comitis
672 2193 803 2236 munere
835 2171 988 2254 fungitur.
1031 2171 1082 2234 Ac
1111 2169 1150 2234 de
1182 2191 1260 2234 cane
1280 2171 1408 2255 quidem

321 2281 468 2345 venatico
491 2280 878 2364 Aeschylumpraecipue
902 2279 1023 2344 vividas
1045 2302 1083 2342 ac
1104 2279 1281 2342 luculentas
1302 2279 1407 2342 simili-

323 2388 449 2452 tudines
470 2388 623 2472 petivisse
645 2387 729 2452 infra
749 2387 936 2452 videbimus.
981 2386 1050 2450 lam
1072 2409 1147 2451 vero
1170 2408 1242 2450 cum
1261 2386 1410 2450 animalia

323 2495 377 2560 illa
399 2496 432 2558 in
453 2495 665 2578 agricolarum
686 2505 914 2580 pastorumque
935 2493 1030 2559 rebus
1045 2496 1154 2578 magni
1169 2495 1321 2558 momenti
1336 2495 1409 2577 sint,

322 2601 482 2667 Lueckius
494 2602 522 2686 ²¹⁸,
539 2603 593 2687 qui
608 2604 648 2667 de
663 2603 821 2688 Sophocle
835 2605 971 2688 scripsit,
985 2604 1018 2667 in
1034 2604 1286 2688 comparationes
1301 2623 1409 2668 ornnes

324 2720 356 2775 et
376 2710 602 2776 translationes
623 2733 643 2774 a
664 2710 759 2776 rebus
781 2711 843 2775 illis
857 2711 1016 2797 profectas
1030 2711 1205 2796 inquisivit,
1227 2711 1341 2795 quibus
1357 2732 1410 2775 cas

323 2817 456 2897 addidit,
480 2838 563 2902 quae
582 2819 651 2882 sive
659 2819 713 2884 „ab
736 2819 858 2884 artibus
876 2819 1049 2902 fabrorum,
1073 2820 1290 2902 lignariorum,
1313 2818 1409 2884 ferra·

322 2927 453 3008 riorum,
472 2924 668 2990 medicorum
690 2928 758 2992 sive
779 2949 799 2992 a
821 2928 1001 2991 commercii
1029 2936 1288 3010 mercaturaeqae
1315 2926 1410 2991 rebus

323 3033 512 3118 desumptae
533 3043 616 3098 sunt.
660 3035 770 3119 Atque
791 3055 861 3098 cum
883 3034 925 3098 ah
946 3036 985 3098 iis
1007 3034 1059 3099 ille
1073 3034 1235 3119 profectus
1257 3035 1310 3117 sit,
1329 3055 1411 3119 quae

322 3141 363 3206 de
384 3143 559 3225 imaginum
574 3143 608 3205 vi
622 3164 661 3208 ac
675 3154 789 3207 natura
803 3141 972 3208 Eduardus
986 3142 1157 3208 Muellerus
1167 3141 1202 3181 *²¹²
1224 3140 1407 3226 disputavit,

322 3250 524 3334 respicienda
544 3260 628 3333 sunt,
651 3271 732 3335 quae
752 3251 778 3314 is
802 3235 958 3335 exposuit.
1000 3250 1084 3314 Nam
1102 3250 1339 3316 concedendum
1353 3261 1410 3334 est,

324 3359 380 3442 qui
400 3357 441 3422 de
462 3361 592 3442 propria
605 3379 643 3422 ac
657 3358 810 3442 singulari
823 3380 888 3443 qua
900 3357 997 3422 fuerit
1010 3369 1105 3444 poeta
1120 3360 1217 3423 animi
1228 3360 1412 3445 ingeniique

323 3474 439 3530 natura
461 3475 493 3529 et
514 3465 621 3530 indole
641 3476 765 3530 rectum
787 3476 818 3532 et
840 3468 999 3532 sincerum
1021 3466 1125 3532 lacere
1154 3468 1231 3533 velit
1252 3467 1411 3548 iudicium,

324 3573 353 3636 ei
384 3594 425 3636 ne
456 3574 632 3655 Imaginum
661 3573 798 3659 quidem,
832 3575 946 3660 quihus
979 3575 1031 3640 illc
1062 3597 1138 3639 usus
1169 3577 1226 3659 sit,
1256 3579 1412 3644 rationem

324 3680 557 3764 neglegendam
579 3703 657 3747 esse.
699 3681 769 3748 Iam
799 3704 875 3747 vero
906 3683 1097 3769 Sophoclem
1124 3686 1297 3770 respiciens
1327 3686 1411 3752 haud

392 3911 467 3964 *De
493 3915 719 3981 comparationum
746 3922 774 3967 et
799 3916 1000 3970 translationum
1028 3934 1078 3968 asu
1106 3918 1261 3983 Sophocleo.
1305 3919 1369 3972 Pars
1392 3923 1411 3970 I.

325 4000 433 4052 Bericht
452 4001 519 4052 iiber
536 4002 560 4052 d.
578 4003 719 4070 Progymn„
738 4021 771 4056 zu
792 4005 926 4056 Neumark
944 4002 1040 4064 wrm.
1062 4007 1134 4054 1878.
1170 4004 1236 4055 Pars
1254 4006 1286 4054 II.
1314 4005 1411 4058 ibidem

287 4135 289 4140 ,
327 4090 402 4138 1880.
419 4113 453 4122 -
471 4087 559 4137 Pecaii
577 4089 824 4140 commentationem
844 4089 973 4156 (Berliner
986 4091 1095 4140 Studien
1113 4089 1163 4156 ΙΙΙ)
1182 4090 1210 4140 in
1229 4107 1317 4142 meum
1335 4108 1412 4144 usum

325 4177 479 4224 convertero
497 4189 549 4223 non
567 4174 620 4224 iam
637 4175 722 4227 licuit.

377 4256 410 4289 ⁸⁸*
427 4243 500 4311 llber
518 4260 559 4311 die
578 4261 779 4326 Sophocleische
798 4263 1066 4329 Naturanschuuung.
1102 4263 1192 4333 Progr.
1212 4265 1257 4318 dos
1270 4266 1364 4336 (lyme.
1378 4283 1411 4318 au

326 4344 448 4413 Liegnitz
468 4349 542 4396 raas.
