3220 5014
756 419 952 516 Δί,-

471 613 595 709 χρηστὴ
615 621 644 688 δ
665 611 845 706 άμαρτοῦσ
866 605 916 688 civ
934 613 1045 707 χρεόν
1065 610 1171 706 αὐτὴν
1191 633 1304 704 τυχεῖν

472 723 579 796 κακόν
599 729 713 796 δίδωσι
733 721 874 814 καρπόν,
896 718 1093 815 άνθροόποις
1115 729 1143 796 δ
1164 718 1217 796 άεί

471 829 489 904 ό
512 838 575 924 μὲν
594 831 741 924 πονηρός
762 827 862 903 οόδὲν
883 827 965 903 ἄλλο
986 831 1075 923 πλὴν
1096 831 1208 920 κακὸς,

471 937 490 1010 ό
514 946 541 1011 δ’
564 939 687 1022 ἐσθλός
707 939 839 1025 ἐσθλός,
862 934 940 1012 οὐδὲ
962 949 1134 1031 συμφορᾶς
1154 937 1222 1010 iiico

473 1046 572 1136 φάσιν
592 1053 765 1139 διέφθειρ’,
787 1043 872 1119 άλλά
891 1047 1033 1140 χρηστός
1053 1053 1119 1120 ἐστ’
1141 1043 1202 1120 άεί.

308 1159 379 1228 Nec
410 1162 515 1228 minus
545 1160 644 1245 digne
673 1160 800 1226 videtur
830 1162 872 1227 ed
904 1183 999 1247 quem
1028 1163 1170 1228 animum
1196 1160 1398 1226 attendamus

308 1269 409 1336 alters
430 1270 537 1353 imago
560 1268 736 1355 Euripides
755 1269 866 1354 Suppl.
888 1291 918 1334 v.
940 1269 1001 1334 tlt
1024 1291 1113 1355 seqq.
1143 1270 1189 1335 its
1216 1290 1398 1355 expresse:

474 1380 549 1454 πῶς
570 1362 632 1442 οὖν
653 1375 699 1442 ἔτ’
721 1367 764 1442 iic
783 1377 904 1462 γίνοιτ’
925 1367 968 1442 άν
988 1370 1104 1463 ίσχυρά
1125 1369 1234 1456 πόλις,

474 1475 559 1551 όταν
578 1508 630 1562 τις
651 1475 697 1562 ὡς
716 1489 878 1571 λειμῶνος
898 1474 1015 1571 ἠρινοῦ
1036 1478 1160 1569 στάχυν

471 1597 597 1679 τολμᾶς
617 1582 743 1679 άφαιρῇ
764 1594 980 1676 καπολωτίζῃ
1001 1593 1116 1671 νέους;

307 1702 359 1772 Ex
374 1699 535 1787 Aeschylo
558 1700 673 1768 deinde
686 1701 849 1768 efferenda
863 1701 1022 1785 videntur,
1045 1723 1126 1788 quse
1141 1702 1257 1786 Agim.
1274 1723 1304 1766 v.
1319 1700 1398 1766 1389

307 1831 396 1898 seqq.
418 1809 554 1896 legimus
576 1833 583 1874 :

470 1907 666 2000 κάκφοσιῶν
688 1907 800 1998 ‹igetur›
820 1915 960 2002 αἵματος
980 1911 1109 2003 σφαγὴν

470 2019 586 2107 βάλλει
604 2026 638 2111 μ’
659 2024 780 2113 ἐρεμνῇ
800 2019 927 2110 ψακάδι
947 2025 1080 2108 φοινίας
1101 2018 1223 2109 δρόσου

331 2177 334 2182 -
470 2134 652 2221 χαίρουσαν
673 2123 774 2200 οόδὲν
793 2118 897 2219 ἧσσον
918 2123 938 2219 ἢ
959 2125 1123 2218 διοσδότῳ

469 2234 563 2328 γάνει
584 2235 752 2327 σπορητὸς
771 2235 917 2318 κάλυκος
939 2239 976 2308 ἐν
997 2233 1203 2325 λοχεύμασιν.

307 2349 479 2415 Praeterea
498 2351 655 2434 insignior
677 2349 842 2435 quaedem,
866 2372 947 2436 quse
967 2349 1030 2415 huc
1052 2349 1219 2434 pertineat,
1251 2347 1398 2417 vocabuli

307 2458 425 2523 πεδίον
455 2458 622 2526 translatio
653 2457 737 2543 epud
769 2467 941 2543 utrumque
971 2465 1099 2542 poetam
1129 2455 1222 2520 nobis
1250 2455 1396 2524 occurrit.

306 2564 391 2630 Nem
413 2564 592 2652 Aeschylus
614 2565 656 2630 fr.¹
680 2565 741 2631 150
761 2566 888 2651 scripsit
911 2589 918 2630 :

588 2667 837 2760 δελφινοφόρον
856 2667 989 2740 πόντου
1008 2673 1127 2738 πεδίον

587 2775 849 2867 διαμειψάμενοι,

306 2887 361 2952 ubi
384 2909 446 2973 quo
468 2889 535 2954 iure
556 2881 689 2956 πόντου
708 2889 827 2955 πεδίον
854 2888 984 2974 plenum
1011 2907 1099 2954 merc
1119 2896 1215 2973 poete
1234 2887 1398 2972 appellere

305 2996 454 3080 potuerit,
477 2996 554 3060 setis
585 2998 787 3084 perspicuum
814 3007 872 3062 est.
916 2995 986 3062 Nec
1017 2997 1121 3062 minus
1150 2995 1245 3060 facile
1274 2995 1395 3062 intelle-

305 3112 434 3188 guntur,
455 3125 539 3190 quse
558 3104 644 3190 apud
666 3103 852 3190 Euripidem
875 3103 996 3169 Phoen.
1019 3125 1048 3168 v.
1071 3103 1133 3170 209
1148 3125 1214 3189 seq.
1236 3103 1394 3188 legimus:
1444 3147 1447 3152 -

801 3205 1013 3298 περιναύτια

601 3312 686 3408 ὑπὲρ
707 3311 925 3408 ἀκαρπίστων
945 3320 1080 3399 πεδίων,

305 3427 419 3514 (μάλιστ
450 3428 557 3494 verbis
589 3418 704 3496 Ἰόνιον
734 3423 874 3512 πόντον,
903 3426 988 3514 quod
1016 3428 1122 3512 paullo
1151 3437 1228 3494 ente
1260 3447 1394 3498 cemme-

305 3537 451 3618 mcrevit,
473 3546 570 3621 poete
591 3537 759 3622 significet.
808 3537 919 3621 Atque
947 3557 988 3600 ex
1016 3534 1077 3600 hac
1104 3535 1252 3600 vocabuli
1277 3533 1395 3602 πεδίον

305 3643 515 3710 translatione
542 3644 632 3710 verbi
661 3634 753 3731 άρόοο
786 3665 879 3710 usum
907 3643 1174 3728 metaphoricum,
1207 3664 1302 3729 quem
1332 3641 1395 3714 huc

305 3750 503 3818 efferendum
524 3762 682 3838 putemus,
704 3754 896 3818 necessitate
917 3751 1056 3837 quedem
1085 3752 1176 3838 sequi
1196 3751 1309 3836 negari
1329 3771 1394 3818 non

306 3868 420 3944 potest.
465 3859 610 3925 Dicimus
631 3882 721 3944 eum,
752 3880 847 3946 quem
875 3860 961 3946 apud
990 3857 1126 3926 eundem
1146 3858 1334 3944 Euripidem
1355 3857 1393 3926 fr.

305 3965 367 4031 672
387 3988 418 4032 v.
439 3968 460 4032 3
481 3989 546 4054 seq.
569 3968 724 4034 habemus
746 3993 753 4034 :

897 4068 1024 4161 τροφὸς

602 4177 772 4250 θάλασσα·
793 4176 884 4267 τήνδ
904 4171 1058 4268 άροῦμεν.

307 4288 422 4360 Restat
441 4290 631 4364 vccabulum
651 4281 791 4386 άροτος,
825 4289 912 4384 quod
939 4290 1149 4360 translatione
1176 4289 1332 4378 singulari
1351 4288 1392 4370 eb
