3220 5014
693 442 890 543 *Lu*

245 653 351 710 eutem
372 644 470 728 locus,
492 645 533 710 de
555 668 618 732 quo
640 648 761 730 agitur,
793 646 863 732 Iph.
886 647 982 712 Taur.
1005 671 1035 712 v.
1060 649 1139 714 1395
1160 672 1225 736 seq.
1237 701 1245 733 ,
1278 651 1347 716 ubi·

245 751 285 816 de
308 751 433 817 Orestis
455 754 548 818 sociis
571 754 649 818 haec
670 754 821 839 leguntur
844 756 971 821 verba:

681 860 713 926 οἱ
735 863 763 926 δ’
785 861 988 948 ἐκαρτέρουν

540 962 626 1053 πρὸς
646 975 734 1054 κῦμα
755 972 976 1053 λακτίζοντες.

244 1075 394 1160 Denique
415 1075 477 1140 huc
498 1076 720 1162 adiungamus,
743 1100 825 1164 quac
849 1078 1002 1164 Aeschyli
1023 1079 1129 1146 Prom.
1151 1102 1181 1145 v.
1195 1081 1332 1166 322seq.

242 1184 335 1248 nobis
358 1195 527 1250 occurrunt
550 1209 557 1249 ε

440 1283 565 1357 οδκουν
587 1290 697 1378 ἔμοιγε
717 1287 889 1378 χρώμενος
911 1289 1098 1380 διδασκάλῳ
1152 1384 1155 1389 ¹

438 1393 524 1485 πρὸς
544 1400 665 1484 κέντρα
686 1404 799 1466 κῶλον
820 1400 974 1486 ἐκτενεῖς,

243 1530 312 1573 cum
333 1510 447 1572 κῶλον
468 1506 607 1572 ἐτείνειν
628 1508 713 1572 idem
735 1508 802 1574 fere
818 1509 932 1593 valeat,
954 1520 1052 1595 atque
1066 1510 1141 1576 illud
1156 1512 1330 1594 λακτίζειν.

243 1615 425 1680 Invenimus
447 1626 614 1701 praeterea
636 1618 844 1701 compositum
866 1607 1111 1701 α’πολακτίζειν,
1140 1619 1225 1705 quod
1246 1619 1332 1686 calce

243 1724 394 1808 repellere
416 1723 585 1807 significet,
608 1724 700 1788 Eum.
723 1747 753 1788 v.
781 1725 836 1789 141
859 1748 924 1812 seq.
948 1751 955 1790 :

439 1814 544 1909 εδδεις
555 1858 567 1911 ;
588 1821 713 1898 α’νίστω
734 1822 994 1901 κᾶπολακτίσαδ
1015 1825 1124 1900 ὕπνον

437 1933 575 2024 ἰδώμεθ’
598 1933 628 2005 εί
648 1964 681 2005 τι
702 1941 802 2007 τοῦδε
824 1943 984 2026 φροιμίου
1003 1946 1091 2030 ματᾷ

240 2055 337 2132 atque
359 2047 465 2112 Prom.
487 2069 517 2112 v.
540 2047 599 2120 651
623 2070 719 2134 seq:
790 2041 791 2044 '

537 2149 577 2222 σὺ
598 2157 636 2238 δ’,
658 2142 687 2222 ui
707 2171 778 2237 παῖ,
799 2150 844 2242 μὴ
864 2158 1076 2244 ’πολακτίσης
1096 2159 1192 2243 λέχος

436 2257 477 2328 τὸ
498 2257 613 2349 Ζηνός.

238 2371 344 2457 Prope
365 2380 471 2436 autem
493 2371 535 2436 ad
557 2394 611 2436 eas
633 2393 712 2458 quas
734 2373 897 2437 attulimus
912 2375 1068 2458 imagines
1083 2373 1206 2438 accedit
1223 2383 1324 2439 trans·
1437 2409 1439 2416 ·

237 2479 313 2543 latio
335 2471 396 2558 λὰξ
423 2492 559 2562 πατεῖν,
589 2501 671 2562 quae
700 2479 872 2564 neglegere
903 2481 989 2545 valet
1017 2483 1085 2546 sive
1114 2492 1326 2546 contemnere.

237 2585 289 2650 lta
309 2588 408 2669 igitur
428 2587 643 2671 intellegenda
657 2596 740 2670 sunt,
763 2608 844 2672 quae
860 2587 1002 2673 Ohocph.
1018 2610 1048 2652 v.
1069 2589 1211 2674 641seq.
1233 2589 1327 2653 nobis

237 2704 436 2758 occurrunt:

632 2795 672 2867 τὸ
692 2795 734 2888 μί
758 2801 855 2886 θέμις
875 2796 936 2888 γὰρ
958 2791 1021 2868 οὐκ
1042 2802 1080 2892 ἐᾷ

434 2904 496 2990 λὰξ
514 2911 612 2976 πέδοι
632 2903 857 2995 πατούμενον,

235 3028 331 3132 etque
352 3018 437 3083 idem
458 3039 569 3084 sensus
592 3018 684 3083 Eum.
704 3040 734 3082 v.
759 3020 818 3083 110
839 3028 947 3083 exstat
969 3043 977 3082 :

432 3128 488 3192 καὶ
508 3120 620 3192 πάντα
640 3130 746 3192 ταῦτα
767 3119 829 3206 λὰξ
850 3117 920 3210 ὁρῶ
940 3120 1143 3212 πατούμενα.

234 3232 348 3320 Neque
379 3235 420 3298 ab
452 3235 511 3299 hoc
544 3234 777 3320 significatione
808 3235 927 3299 recedit
969 3235 1085 3300 locutio
1117 3229 1178 3316 λὰξ
1208 3228 1322 3320 α’τίειν,

233 3341 330 3406 immo
359 3352 479 3408 rectem
510 3365 580 3408 esse
608 3352 751 3408 nostram
781 3343 865 3407 illius
896 3335 958 3422 λὰξ
985 3357 1106 3408 πατεῖν
1135 3346 1323 3429 interpreto-

234 3450 352 3514 tionem
374 3473 414 3514 ex
437 3450 536 3516 verbo
557 3440 663 3516 ἄτίειν
684 3471 877 3534 cognoscere
899 3450 983 3516 lieet.
1034 3451 1117 3517 Sunt
1148 3465 1255 3518 autem
1285 3475 1324 3516 eu

233 3575 315 3641 quoe
336 3558 469 3622 dicimus
491 3558 583 3624 Eum.
605 3580 635 3622 v.
658 3558 721 3624 540
742 3578 809 3642 seq.
831 3559 877 3623 ita
898 3579 1079 3644 expressa:

479 3666 562 3752 μηδέ
581 3688 634 3731 νιν
656 3666 736 3749 (scil.
756 3659 871 3750 βωμὸν
892 3667 997 3750 δίκας)

429 3773 546 3860 κέρδος
566 3767 648 3839 ίδδιν
669 3763 764 3858 ἀθέῳ
784 3773 866 3838 ποδί
886 3767 948 3853 λὰξ
967 3763 1088 3858 ἀτίσῃς,

231 3880 286 3943 ubi
307 3879 416 3945 addito
438 3870 533 3966 ἀθέῳ
554 3881 635 3947 ποδί
657 3881 779 3965 plenior
800 3903 839 3944 cc
859 3880 1047 3946 luculentior
1074 3882 1181 3964 imago
1203 3880 1320 3946 evadit.

231 3987 384 4073 Sequitur
404 3988 639 4054 substantivum
654 3981 815 4072 λάκτισμα
830 3988 946 4072 Agam.
962 4010 991 4053 v.
1011 3989 1085 4054 1601
1112 3999 1297 4074 usurpatum
1311 4013 1320 4064 :¹

428 4090 589 4181 λάκτισμα
610 4097 748 4163 δείπνου
769 4096 929 4176 ξυνδίκως
947 4098 1056 4173 τιθείς
1076 4085 1150 4186 δρᾷ,

230 4205 317 4268 cuius
338 4205 400 4268 loci
421 4207 613 4271 sententiam
633 4205 718 4270 hunc
740 4206 773 4268 in
794 4203 923 4268 modum
950 4215 1038 4270 recte
1061 4203 1196 4269 Weilius
1218 4204 1318 4289 expli-

229 4321 301 4375 cat:
326 4304 406 4397 ,σὺν
420 4312 493 4395 δίκῃ
507 4312 670 4395 (δικαίως)
692 4305 733 4378 τὸ
755 4311 895 4376 δεῖπνον
917 4313 1081 4394 λακτίζων
1101 4301 1175 4402 δρᾷ,
1204 4332 1316 4378 cenam
