3220 5014
674 433 870 542 42³.-

227 644 387 731 Aeschylo
415 654 602 730 usurpatum
625 643 805 730 Hesychius
827 643 935 727 tradit,
964 645 1052 708 cuius
1072 643 1315 738 explicationem

226 755 264 818 fr.
287 753 349 818 262
370 753 523 819 habemus
545 777 553 817 ε
575 743 717 838 ἄροτον·
747 746 809 819 τὸν
839 743 942 818 ὅλαον
969 757 1032 818 τοῦ
1046 742 1205 838 Ἕκτορος
1234 743 1255 838 ἢ
1275 745 1316 818 τὸ

226 851 471 946 ἄντλσταθμον·
493 854 659 944 Αἰσχύλος
682 862 815 947 Φρυξὶν.
858 860 911 926 Ad
934 881 1016 945 quae
1047 878 1112 924 uon
1133 861 1200 924 sine
1221 882 1318 925 causa

227 969 430 1036 Hermanuus
459 969 592 1033 adnotet
624 991 631 1031 :
673 967 997 1054 „Interpretationum
1029 989 1108 1054 quas
1137 967 1317 1052 Hesychius

227 1077 334 1142 attulit
355 1098 463 1141 veram
485 1097 555 1141 esse
577 1086 705 1161 oportet
726 1077 881 1161 priorem3
902 1096 1007 1161 neque
1023 1076 1106 1140 enim
1121 1074 1189 1142 fieri
1203 1076 1317 1160 potuit,

227 1195 263 1250 ut
284 1182 407 1269 pondus
429 1205 487 1268 par
509 1184 668 1248 diceretur
688 1173 841 1268 dperoc.“
886 1183 1059 1248 Diversam
1080 1193 1187 1248 autem
1202 1183 1243 1248 ab
1258 1182 1318 1250 hac

228 1293 369 1358 eiusdem
390 1293 476 1356 vocis
498 1289 775 1375 significationem,
801 1292 919 1376 quippe
941 1312 1023 1376 quae
1043 1289 1085 1354 ad
1107 1289 1224 1357 liberos
1245 1313 1316 1376 pro·

229 1402 381 1468 creandos
393 1411 525 1488 spectet,
537 1399 622 1487 apud
634 1399 823 1484 Euripidem
834 1400 1014 1464 invenimus
1025 1399 1094 1465 Ion.
1103 1419 1132 1463 v.
1150 1397 1317 1484 1094seq.:

523 1533 606 1608 ὅσον
627 1531 759 1632 εὐσεβίᾳ
779 1546 968 1628 κρατοῦμεν

525 1642 643 1716 ἄδικον
663 1641 789 1736 ἄροτον
809 1639 952 1737 ἄνδροᾶν.

232 1793 312 1859 Nam
344 1795 488 1858 codicum
521 1793 711 1878 scripturam
733 1783 887 1878 ἄροτρον,
911 1814 982 1857 cum
1004 1793 1080 1858 ferri
1101 1804 1255 1881 nequeat,
1286 1796 1318 1859 in

231 1893 353 1987 ἄροτον
373 1901 560 1967 mutandam
583 1922 652 1966 esse
674 1901 778 1987 quivis
800 1899 962 1966 concedet.

313 2043 437 2124 Quibus
458 2045 596 2130 peractis
620 2045 772 2130 sequitur,
795 2054 829 2109 ut
844 2045 877 2109 in
891 2045 1005 2111 similia
1021 2045 1061 2110 de
1076 2046 1151 2129 iugo
1165 2048 1319 2112 armentis

232 2152 387 2218 demendo
409 2161 441 2216 et
463 2153 571 2237 quiete
592 2151 698 2216 danda
718 2150 886 2237 desumpta
907 2153 1112 2237 inquiramus.
1156 2152 1228 2234 Quo
1252 2156 1318 2240 qui·

229 2259 300 2324 dem
323 2261 356 2324 in
377 2281 495 2343 genere
517 2260 602 2344 quod
624 2280 721 2323 unum
751 2259 834 2344 apud
858 2258 1050 2344 Sophoclem
1078 2260 1233 2333 translate
1254 2260 1318 2326 dic-

230 2377 297 2431 tum
319 2368 456 2432 inveniri
476 2366 636 2432 Lueclrius
659 2366 823 2432 contendit
844 2367 977 2432 verbum
998 2371 1132 2450 λαοφᾶν,
1161 2368 1194 2434 id
1223 2369 1318 2436 etiarn

229 2473 314 2560 apud
337 2475 531 2561 Aeschylum
554 2474 647 2540 nobis
670 2476 816 2539 occurrit.
861 2474 947 2554 Quid
975 2497 1050 2540 vero
1073 2477 1199 2562 proprie
1221 2478 1318 2562 signi-

229 2580 302 2648 ficet
316 2582 377 2648 hoc
391 2583 523 2648 verbum
542 2604 669 2669 quoque
682 2583 777 2647 modo
793 2584 958 2648 translatio
973 2582 1039 2666 fiat,
1060 2593 1147 2649 recte
1158 2583 1319 2652 Lueckius

229 2691 402 2776 explicasse
424 2689 559 2756 ridetur.
604 2690 716 2756 Monet
738 2692 841 2772 enim,
872 2713 943 2756 cum
972 2691 1083 2758 eadem
1104 2693 1228 2762 ratione
1251 2713 1318 2760 ver*

229 2797 305 2862 bum
333 2802 451 2882 λοοφᾶν
480 2809 697 2883 comparatum
725 2800 768 2863 sit
796 2821 834 2862 ac
861 2799 961 2864 verba
988 2805 1119 2885 νωμᾶν,
1151 2807 1318 2886 οτροοφᾶν,

229 2906 291 2971 alia
305 2906 446 2971 eiusdem
461 2907 598 2989 generis,
612 2908 678 2970 uim
692 2905 771 2971 illud
782 2906 901 2972 habere
912 2907 1181 2993 frequentativam
1193 2909 1318 2975 debere.

228 3013 298 3079 Iam
318 3016 417 3098 igitur
446 3036 516 3079 cum
546 3035 585 3078 ex
600 3023 696 3079 'voce
723 3008 829 3096 λόφος
857 3013 995 3080 derivari
1015 3020 1135 3098 λοοφᾶν
1155 3029 1318 3104 appareat,

230 3122 308 3186 nihil
329 3122 414 3186 aliud
436 3120 610 3206 significari
633 3144 728 3208 posse
747 3121 808 3187 hoc
829 3122 928 3186 verbo
959 3125 1125 3190 contendit
1153 3126 1215 3190 nisi
1238 3128 1318 3210 ,col-

229 3231 294 3296 lum
315 3230 377 3296 huc
398 3230 471 3296 illuc
492 3251 630 3315 versare,
661 3231 776 3297 collum
798 3231 958 3316 quatere.“
1011 3232 1091 3298 [dese
1121 3241 1228 3298 autem
1259 3232 1320 3298 hoc

231 3338 373 3422 iumenti,
396 3339 481 3425 quod
503 3338 598 3406 modo
619 3341 695 3425 iugo
717 3340 856 3404 solutum
877 3340 1002 3405 laetitia
1022 3340 1170 3406 exsultet.
1215 3340 1320 3421 Quam

230 3447 474 3530 explicationem
489 3458 617 3514 secutus
634 3448 715 3512 bene
735 3446 848 3512 addit:
867 3459 936 3532 ,est
952 3449 1050 3531 igitur
1070 3442 1180 3514 πόνου
1202 3453 1321 3530 λωφᾶν

231 3575 271 3618 ex
291 3554 401 3619 labore
422 3556 441 3618 i.
457 3577 484 3619 e.
500 3564 650 3640 superato
671 3554 782 3619 labore
803 3556 942 3620 cervices
966 3566 1062 3621 antee
1076 3566 1230 3641 tanquam
1244 3558 1320 3640 iugo

230 3681 355 3747 pressas
376 3671 408 3727 et
430 3661 552 3746 rigidas
574 3662 677 3729 factas
696 3663 853 3728 versando
875 3663 1021 3728 relaxare
1041 3673 1138 3749 atque
1160 3663 1318 3730 reficere.“

231 3769 465 3855 comprobatur
496 3771 718 3855 interpretatio
750 3771 806 3854 iis,
846 3791 927 3855 quae
959 3770 1044 3856 apud
1076 3771 1320 3858 lexicographcs

229 3878 374 3964 legimus.
419 3879 471 3944 Ex
492 3879 608 3964 quibus
639 3879 822 3965 Hesychius
849 3879 929 3944 haec
958 3880 1121 3962 praebet:
1151 3884 1319 3966 λωφῆσαι·

230 3977 298 4052 dud
326 3991 388 4054 τοῦ
415 3980 583 4072 τραχήλου
604 3981 643 4053 τὸ
666 3977 774 4071 ἄχθος
803 3977 1014 4054 ἀποθέσθαι·
1044 3991 1186 4067 παῦσαι,
1217 3992 1321 4074 λῆξαι,

231 4084 429 4174 ἀναπαῦσαι,
451 4086 619 4180 ἡσυχάσαι,
641 4094 776 4160 Photius
792 4105 824 4160 et
839 4094 954 4160 Suidas
970 4120 977 4160 ι
992 4097 1114 4181 κυρίως
1135 4095 1171 4161 δὲ
1193 4094 1318 4182 εἴρηται

231 4207 383 4290 λωφῆσαι
410 4202 465 4269 ἐπὶ
492 4207 584 4285 βοῶν
610 4197 651 4269 τὸ
680 4195 720 4269 τὸ
742 4197 845 4288 βάρος
874 4193 942 4270 dul
968 4208 1031 4270 τοῦ
1051 4197 1217 4290 τραχήλου
1239 4193 1321 4270 ἄπο-

230 4311 370 4379 θέοθαι·
394 4305 500 4394 λόφος
521 4305 583 4400 γὰρ
604 4301 623 4377 ὁ
645 4304 816 4400 τράχηλος.
869 4310 1018 4380 Vividam
1045 4314 1144 4404 igitur
1172 4332 1211 4375 ac
1230 4333 1319 4404 prae·
