3220 5014
712 432 749 499 17

191 633 404 726 μελάγκερων
424 647 520 724 atque
543 639 609 702 eius
630 638 779 702 maritum
799 640 926 721 ταῦρον
954 632 1176 702 nominaverit.
1224 637 1278 703 Ad

189 749 273 814 idem
295 748 423 829 animal,
445 755 556 832 utpote
578 745 663 830 quod
687 744 746 809 diis
769 745 924 810 immolari
945 746 1054 825 soleat,
1088 746 1171 811 duae
1192 766 1275 810 com-

189 857 372 942 parationes
406 862 567 938 spectant,
600 875 682 939 quae
712 854 747 917 in
779 852 889 917 eadem
922 852 1030 917 fabula
1062 855 1275 936 inveniuntur,

191 965 280 1029 cuius
303 957 334 1024 v.
351 961 424 1026 1297
437 982 502 1046 seq.
520 960 634 1025 chorus
657 982 697 1024 ex
713 959 894 1025 Cassandra
914 960 973 1024 sibi
989 962 1050 1046 ipsi
1064 961 1104 1026 ab
1119 960 1276 1046 Aegistho

191 1083 225 1137 et
249 1071 502 1156 Clytaemnestra
522 1089 633 1134 necem
655 1067 777 1132 illatum
798 1068 836 1130 iri
858 1070 1080 1153 praesagiente
1102 1071 1226 1155 quaerit
1248 1095 1255 1135 :

783 1180 856 1252 πῶς
877 1171 1047 1262 θεηλάτου

337 1279 419 1366 βοός
439 1285 533 1370 δίκην
552 1277 638 1370 πρὸς
658 1275 773 1368 βωμόν
795 1273 964 1369 εὐτόλμως
984 1298 1119 1365 νιατεῑς;

192 1395 303 1461 Altero
324 1394 411 1475 loco,
434 1395 488 1479 qui
511 1402 617 1458 exstat
637 1414 667 1457 v,
690 1394 771 1458 1415
792 1414 891 1479 seqq,
913 1393 1169 1479 Clytaemnestra
1190 1394 1276 1481 Iphi-

191 1504 318 1587 geniam
338 1501 437 1566 filiam
450 1501 643 1565 immolatam
661 1521 730 1565 esse
745 1502 948 1585 conqueritur
967 1501 1008 1565 ab
1024 1501 1276 1587 Agamemnone,

340 1596 377 1685 ὃς
398 1597 439 1674 od
458 1590 641 1694 προτιμῶν,
664 1597 807 1691 ὡσπερεὶ
827 1611 931 1688 βοτοῦ
951 1601 1058 1694 μόρον

338 1711 453 1802 μήλων
473 1708 649 1797 φλεόντων
670 1704 828 1792 εόνιόκοις
848 1709 1050 1802 νομεύμασιν

341 1822 462 1891 ἔθυσεν
483 1814 588 1892 αὑτοῦ
608 1824 719 1889 παῖδα.

193 1932 300 2019 Atque
331 1931 371 1996 ad
405 1933 539 1996 eandem
571 1953 639 1998 rem
674 1941 828 2020 spectant,
862 1953 944 2017 quae
974 1931 1060 2018 apud
1091 1931 1277 2020 Euripidem

191 2041 325 2124 legimus
346 2040 396 2105 El.
417 2063 447 2103 v.
471 2039 551 2104 1142
571 2061 660 2125 seqq.
683 2063 691 2104 ε

339 2147 514 2212 κανοῦν.ό’
535 2145 688 2232 ἐνῆρκται
709 2148 765 2212 καὶ
784 2147 971 2234 τεθηγμένη
991 2149 1117 2232 coapta,

339 2245 424 2339 λ’περ
444 2258 580 2320 καθεῖλε
598 2258 736 2339 ταῦρον,
758 2238 799 2320 οὗ
818 2254 922 2331 πέλας
941 2266 1039 2320 asos!

338 2365 506 2448 πληγεῖσα.

127 2467 132 2476 ’
190 2471 274 2538 Sunt
294 2471 379 2535 enim
399 2469 546 2536 Electrae
566 2470 681 2554 verba,
712 2492 794 2556 quae
821 2475 947 2555 ταῦρον
977 2470 1055 2535 dicit
1082 2469 1275 2553 Aegisthum

189 2578 230 2644 ab
252 2578 369 2646 Oreste
390 2600 515 2644 caesum
536 2600 574 2643 ac
595 2580 659 2643 iam
681 2577 971 2664 Clytaemnestram
991 2599 1089 2663 prope
1108 2578 1196 2642 illum
1217 2579 1273 2642 im-

189 2687 341 2751 molatum
362 2687 401 2750 iri
416 2686 588 2751 contendit.
632 2685 754 2750 Eodem
769 2685 906 2772 denique
921 2687 1081 2771 pertinent
1099 2685 1274 2770 complures

190 2794 251 2858 loci
272 2793 446 2878 Euripidei,
467 2793 582 2878 quibus
597 2793 787 2857 vocabulum
799 2786 924 2877 μόσχος
946 2785 1133 2878 usurpatum
1154 2793 1275 2858 inveni·

191 2922 270 2966 mus.
312 2900 469 2966 Teneram
491 2901 575 2966 enim
599 2900 694 2966 boum
724 2899 867 2964 subolem
896 2899 1051 2964 vocabulo
1079 2900 1133 2964 illo
1155 2899 1274 2985 signifi-

193 3008 267 3091 cari,
288 3030 328 3074 ex
348 3010 386 3072 iis
408 3009 638 3092 cognoscimus,
662 3031 743 3095 quae
765 3008 805 3073 de
826 3030 944 3093 genere
959 3009 1084 3072 taurmo
1098 3007 1139 3072 ab
1151 3008 1274 3072 Aristo·

190 3116 295 3202 phane
315 3115 497 3201 Byzantio*
519 3116 604 3181 dicta
624 3116 802 3182 traduntur.
846 3118 895 3182 Ac
916 3119 1052 3202 primum
1073 3116 1200 3203 quidem
1221 3115 1274 3181 ad-

189 3224 318 3289 modum
339 3225 503 3312 praeclara
523 3233 620 3309 atque
642 3225 776 3308 insignis
798 3226 1002 3311 comparatio,
1025 3246 1088 3310 qua
1109 3223 1276 3308 Polyxena

189 3333 223 3396 in
249 3330 383 3398 Achillis
408 3333 551 3418 sepulcro
582 3353 602 3396 a
630 3331 762 3398 Graecis
793 3332 985 3397 immolanda
1013 3353 1084 3396 cum
1109 3333 1210 3397 vitula
1240 3355 1275 3396 se

192 3437 325 3522 confert,
348 3437 427 3504 Hec.
449 3461 480 3503 v.
503 3440 564 3504 204
586 3461 675 3525 seqq.
698 3441 743 3504 ita
763 3442 917 3525 expressa
936 3449 1013 3504 est:

388 3539 535 3632 σκόμνσν
553 3544 616 3634 γάρ
636 3549 669 3632 μ’
690 3538 776 3614 ὥστ’
790 3537 1019 3633 σόριθρένιταν

370 3646 510 3739 Ιμόςχον
531 3656 657 3722 όειλαὶα
678 3656 825 3722 δειλαίαν

388 3757 507 3847 εἰσόψη
525 3756 635 3848 χειρός
656 3751 874 3849 ἄναρκαστὰν

388 3875 447 3947 σᾶς
467 3861 536 3936 dud
558 3863 764 3955 λαιμότομόν
784 3871 819 3936 θ’
844 3861 930 3961 Ἅιδᾳ

387 3982 446 4062 γᾶς
467 3968 753 4062 ὑποπεμπομέναν
772 3970 904 4060 σκότον,
927 3972 1011 4050 ἔνθα
1033 3980 1162 4062 νεκρῶν
1180 3976 1263 4060 μέτα

388 4078 528 4151 τάλαινα
549 4085 707 4170 κείσομαι.

194 4229 389 4242 ---—......-..

259 4315 275 4348 ⁴
292 4317 449 4386 Fragmenta
467 4316 527 4368 coll.
544 4323 571 4367 et
589 4317 655 4384 disp.
674 4316 769 4368 Nauck
787 4331 812 4386 p.
833 4318 889 4368 104.

1057 4411 1075 4470 2
