3220 5014
772 447 807 512 11

685 536 882 544 ——-—

489 641 558 734 ἣξει
579 649 608 714 δ’
628 637 776 724 Ὀδυσεὺς
797 637 877 714 ὅσον
899 635 961 712 οὐκ
981 638 1041 732 ἤδη

488 761 606 824 πῶλον
627 745 780 837 άφέλξιον
801 758 870 822 σῶν
890 744 958 819 άπὸ
980 757 1124 838 μαστῶν.

243 867 368 946 Quibus
406 865 610 950 adiungenda
648 873 723 928 sunt
760 863 915 927 Androm.
946 883 976 924 v.
999 861 1057 926 621
1096 860 1194 926 verba
1228 865 1329 945 κακῆς

242 967 397 1059 γυναικὸς
417 977 535 1040 πῶλον
550 972 589 1038 de
604 971 787 1053 Hermione,
809 969 953 1036 Helenae
967 969 1044 1052 filia,
1066 978 1218 1054 usurpata
1232 977 1330 1053 atque

245 1083 343 1169 Hipp.
366 1105 398 1149 u.
415 1081 478 1147 545
501 1103 565 1168 seq.
588 1106 596 1146 ε

589 1182 652 1254 τάν
672 1189 733 1273 μὲν
757 1188 894 1278 Οἰχαλίᾳ

512 1309 517 1317 “
588 1301 706 1364 πῶλον
728 1288 831 1382 άζυγα
851 1297 999 1382 λέκτρων

244 1408 284 1473 ad
299 1407 400 1474 lolam
415 1406 619 1492 pertinentia,
639 1427 722 1490 quae
737 1407 930 1471 matrimonii
945 1407 1054 1489 iugum
1069 1405 1208 1472 nondum
1224 1404 1329 1468 subiit.

246 1515 314 1580 Iam
338 1537 414 1579 vero
437 1513 582 1578 attributi
603 1504 683 1596 άζυζ
704 1536 778 1577 usus
800 1513 1044 1598 metaphoricos,
1066 1513 1121 1577 ubi
1143 1514 1176 1578 in
1197 1513 1329 1578 transla-

246 1624 347 1687 tiones
370 1622 567 1708 inquiremus
587 1621 627 1686 ds
648 1621 745 1686 verbo
775 1615 947 1705 ζευγνύναι
975 1631 1071 1706 atque
1101 1619 1140 1684 de
1170 1622 1207 1683 iis
1237 1641 1330 1684 voca-

246 1730 327 1794 bulis
344 1730 513 1815 profectas,
538 1751 706 1815 quaecum
722 1730 778 1794 illc
792 1729 971 1812 cohaerent,
987 1729 1111 1813 planius
1127 1727 1331 1814 explicandus

247 1839 314 1903 erit.
366 1838 479 1902 Restat
508 1839 737 1923 compositione
767 1847 871 1902 ortum
900 1837 1134 1902 substantivum
1169 1825 1331 1921 άμβοοτό-

245 1951 378 2025 πωλος,
415 1946 500 2032 quod
532 1948 637 2032 ipsum
668 1967 794 2032 quoque
826 1967 897 2010 cum
932 1945 985 2010 illo
1017 1936 1097 2028 άζυζ
1129 1945 1331 2009 coniunctum

246 2054 362 2119 Troad,
386 2076 414 2117 v.
437 2054 609 2120 coenobis
632 2055 796 2118 occurrit:

493 2155 590 2247 χάριν
610 2153 729 2246 ἄζυγος
750 2151 1017 2248 ἀμβροτοπώλου

247 2291 350 2354 neque
379 2268 418 2334 de
446 2290 527 2354 equo
558 2269 611 2334 illo
641 2269 747 2352 durio,
777 2268 832 2332 scd
862 2268 901 2334 de
922 2267 1069 2351 Athena,
1098 2268 1159 2332 dea
1179 2267 1333 2350 virginea,

248 2377 367 2442 dictum
400 2377 533 2442 videtur.
587 2377 771 2463 Sequuntur
804 2379 866 2442 alia
898 2378 1029 2460 similia,
1069 2398 1151 2461 quae
1187 2375 1227 2438 ab
1261 2376 1334 2459 equi

247 2495 363 2550 natura
377 2485 555 2570 Aeschylus
578 2487 699 2571 petivit.
744 2487 794 2550 Ac
816 2495 947 2570 propter
967 2485 1097 2568 longum
1113 2483 1240 2569 quidem
1261 2501 1332 2566 pro·

249 2594 443 2679 missumque
472 2594 621 2678 capillum
650 2595 795 2679 captivae
824 2594 971 2660 mulieres
1001 2611 1072 2658 cum
1100 2592 1188 2678 equis
1209 2611 1333 2675 compa·

248 2712 359 2770 rantur
381 2701 469 2788 Sept.
493 2725 518 2766 c.
541 2702 600 2767 Th.
624 2723 653 2766 v.
675 2703 736 2768 326
757 2723 845 2788 seqq.
869 2727 877 2768 τ

495 2804 555 2888 τὰς
575 2810 610 2877 δέ
632 2811 871 2896 κεχειρωμένας
890 2801 1040 2895 ἄγεσθαι,

496 2911 543 3003 ἐὴ,
565 2917 642 2996 νέας
662 2939 699 2983 τε
720 2919 777 2984 καὶ
797 2913 940 2994 παλαιάς

383 3036 386 3040 ’
497 3019 645 3111 ἱππηδὸν
665 3019 859 3110 πλοκάμων,

251 3137 301 3198 cui
322 3135 391 3200 loco
413 3135 589 3199 simillimus
611 3144 660 3199 est
680 3133 789 3220 Suppl.
814 3157 843 3198 v.
865 3135 926 3200 428
948 3156 1036 3220 seqq.
1059 3158 1066 3200 :

497 3236 541 3328 μή
562 3266 596 3308 τι
615 3247 694 3327 τλῇς
715 3236 777 3309 τάν
799 3241 902 3310 ἱκέτιν
923 3242 1055 3310 εἰσιδεῖν

497 3340 566 3417 άπὸ
585 3351 731 3435 βρετέων
751 3352 807 3442 βίᾳ
828 3353 921 3429 δίκας
943 3341 1108 3436 άγομέναν

497 3453 645 3544 ἱππηδὸν
663 3449 835 3544 ἀμπύκων.

192 3615 194 3622 -
251 3567 386 3632 Accedit
407 3568 534 3650 imago,
563 3589 625 3653 qua
657 3568 768 3632 cameli
801 3589 953 3652 equorum
976 3568 1077 3632 instar
1098 3566 1156 3631 sub
1179 3565 1337 3651 equitibus

252 3675 399 3740 incedere
420 3674 578 3740 dicuntur.
629 3675 796 3740 Invenitur
828 3675 939 3764 Suppl.
961 3697 992 3741 v.
1013 3675 1075 3740 284
1095 3694 1179 3760 seq,
1209 3674 1263 3759 qui
1292 3674 1338 3736 ita

251 3782 380 3868 legendi
401 3805 470 3848 esse
492 3804 563 3848 cum
584 3783 702 3848 Weilio
724 3783 801 3848 mihi
822 3783 970 3848 videntur
991 3808 998 3848 z

449 3881 548 3968 Ἰνδάς
568 3891 597 3956 τ’
619 3881 734 3958 άκούω
753 3885 899 3975 νομάδας
921 3884 1148 3974 ἱπποβάμοσιν

450 4001 544 4076 τοὶας
564 3992 723 4084 καμήλοις
744 3988 1011 4083 άστοαβιζοάσας.

253 4105 325 4186 Quo
346 4109 417 4172 loco
439 4101 667 4191 ἱπποβάμοσιν
688 4105 860 4172 scholiasta
881 4105 1019 4190 explicat
1040 4104 1156 4183 ἱπποις
1182 4104 1339 4182 inmotam

253 4207 338 4280 κατὰ
358 4208 397 4282 τὸ
421 4209 530 4299 τάχος.
575 4215 697 4280 Eodem
727 4236 822 4302 porro
851 4213 1020 4278 referenda
1048 4224 1122 4280 sunt
1154 4215 1270 4279 similia
1299 4212 1339 4278 de

254 4322 353 4390 verbo
374 4324 541 4408 λακτίζειν
562 4324 631 4396 sive
652 4322 692 4394 de
713 4323 751 4388 iis
772 4321 945 4406 vocabulis,
968 4343 1049 4410 quae
1071 4343 1143 4386 cum
1157 4322 1210 4396 illo
1227 4320 1338 4394 ochas
