3220 5014
734 457 775 524 65

654 548 851 556 -—-.———

454 659 535 726 Δῖον
555 654 731 745 πάμβοτον
752 651 852 738 ἄλσος

454 771 599 854 λειμῶνα
618 762 849 853 χιονόβοσκον.

205 876 278 955 Quo
300 876 370 940 loco
391 869 570 961 πάμβοτον
596 878 703 944 activa
729 879 860 942 notione
888 876 1003 942 dicitur
1031 876 1070 942 de
1098 878 1168 942 luco
1191 878 1298 942 omnia

204 986 322 1065 alente,
343 978 565 1067 χιονόβοσκον
585 985 713 1071 passiva
734 987 866 1049 notione
887 983 926 1048 de
956 994 1048 1069 prato
1070 987 1144 1048 nive
1167 985 1297 1070 impleto

206 1095 356 1178 aequasi
378 1093 504 1158 satiato.
547 1091 745 1159 Monendum
767 1104 816 1158 est
838 1103 1004 1179 praeterea
1033 1095 1160 1158 tertiam
1190 1093 1297 1158 vorbis

204 1194 372 1281 βουκόλου
401 1195 605 1285 πτερόεντος
636 1204 793 1268 contineri
823 1202 1082 1286 translationem,
1111 1223 1201 1288 quae,
1225 1222 1297 1266 cum

206 1308 246 1374 de
266 1309 364 1374 verbo
385 1299 519 1391 βόσκειν
541 1310 752 1396 omnibusque
774 1311 820 1374 eis
843 1310 1024 1393 vocabulis,
1047 1331 1129 1395 quae
1150 1330 1222 1373 oum
1242 1309 1296 1373 illo

206 1416 386 1501 cohaerent,
421 1419 567 1502 quaestio
599 1419 662 1484 iam
695 1418 735 1484 ad
756 1417 852 1484 finem
874 1417 1029 1506 perducta
1050 1417 1109 1500 sit,
1138 1426 1214 1502 apte
1235 1415 1297 1480 huc

204 1524 398 1608 adiungitur.
441 1524 649 1610 significatur
670 1536 778 1592 autem
799 1525 860 1590 hac
881 1528 1021 1610 imagine
1039 1525 1135 1589 asilus
1157 1525 1219 1606 ille,
1242 1525 1297 1609 qui

204 1652 337 1697 vaccam
356 1633 483 1698 stimulo
506 1633 665 1699 lacessens
679 1633 720 1698 ad
736 1633 847 1718 fugam
861 1633 1005 1720 impellit.
1049 1633 1194 1711 Quocum
1211 1653 1295 1697 com-

205 1760 298 1824 pares
318 1738 394 1804 illud
418 1734 655 1826 οἰοβουκόλον,
690 1741 774 1826 quod
803 1741 944 1806 eiusdem
966 1741 1093 1805 fabulae
1113 1763 1144 1805 v.
1166 1741 1228 1806 304
1248 1742 1295 1806 in·

204 1847 360 1912 venitur:

402 1969 504 2024 ποῑον
524 1951 704 2044 πανόπτην
725 1950 946 2039 οἰοβουκόλον
966 1957 1072 2042 λέγεις
1078 1982 1090 2035 ;

203 2061 271 2129 Ubi
293 2065 385 2128 unius
408 2085 524 2129 vaccae
546 2074 707 2152 pastorem
729 2067 854 2149 Argum
875 2076 972 2151 poeta
993 2064 1078 2144 dicit,
1101 2066 1219 2150 quippo
1241 2066 1295 2151 qui

203 2165 275 2234 loni
307 2171 351 2236 illi
384 2172 417 2236 in
449 2194 580 2238 vaccam
619 2175 761 2238 mutatae
800 2171 997 2237 custodiendi
1040 2171 1295 2258 observandique

204 2299 299 2342 causa
320 2301 340 2342 a
361 2278 484 2346 Iunone
504 2278 565 2346 dea
586 2279 714 2344 additus
736 2282 785 2345 sit.
831 2280 1014 2365 Opponitur
1035 2290 1142 2344 autem
1164 2278 1294 2361 οἰοβου

203 2379 308 2452 κόλον
328 2388 420 2452 alteri
447 2385 587 2474 epitheto
616 2381 810 2473 πανόπτην,
843 2397 895 2472 ut,
926 2410 998 2454 cum
1025 2390 1071 2470 ei,
1102 2389 1157 2474 qui
1189 2389 1295 2453 omnia

206 2493 322 2576 videat,
344 2517 408 2560 una
422 2505 546 2562 tantum
560 2518 659 2561 vacca
675 2497 883 2561 custodienda
897 2498 948 2580 sit,
969 2496 1049 2561 nihil
1068 2518 1140 2561 eum
1154 2496 1295 2579 effugere

204 2625 297 2688 posse
319 2625 437 2687 eorum,
460 2625 542 2690 quae
563 2605 617 2669 illa
631 2605 788 2688 moliatur,
810 2605 987 2688 intellegas.
1031 2604 1174 2688 Longius
1187 2612 1295 2668 autem

203 2712 237 2775 in
258 2712 311 2775 via
332 2722 442 2776 nostra
464 2711 704 2804 progredientes
727 2714 759 2774 in
774 2713 907 2776 verbum
920 2716 1099 2793 βουκολεῖν
1115 2711 1294 2794 incidimus,

204 2819 292 2883 cuius
325 2821 453 2904 propria
485 2819 676 2903 significatio
706 2830 755 2884 est
782 2829 928 2884 armenta
949 2841 1088 2905 pascere.
1131 2818 1201 2883 Iam
1223 2840 1295 2883 oum

205 2946 244 2990 ex
265 2925 527 2991 antecedentibus
550 2925 682 2991 verbum
702 2919 837 3007 βόσκειν
859 2928 1014 2992 translate
1029 2928 1168 3010 positum
1189 2925 1294 2991 alendi

204 3035 272 3098 sive
294 3033 425 3099 curandi
447 3036 608 3100 notionem
631 3034 748 3100 habere
770 3034 896 3118 videris,
917 3035 959 3100 ab
982 3034 1043 3099 hoo
1063 3036 1119 3098 vix
1133 3034 1294 3099 diversum

205 3165 275 3208 esse
297 3143 387 3208 verbi
407 3147 586 3224 βουκολεῖν
606 3165 698 3208 usum
719 3143 970 3230 metaphoricum
992 3153 1046 3208 tuo
1069 3145 1137 3209 iure
1154 3144 1293 3229 suspica·

203 3250 298 3317 beris.
340 3251 389 3316 Re
411 3273 487 3318 vera
508 3252 592 3316 enim
615 3273 726 3316 curare
747 3251 808 3316 hoc
840 3252 973 3316 verbum
1003 3251 1178 3336 siguificat,
1208 3249 1294 3336 quod

204 3361 319 3444 ipsum,
341 3381 411 3424 cum
435 3379 499 3426 uon
520 3358 616 3423 modo
637 3381 678 3424 ex
701 3361 756 3438 eis,
779 3381 862 3445 quae
883 3359 1036 3444 facimus,
1058 3359 1232 3424 sedetiam
1254 3381 1294 3424 ex

205 3467 260 3551 eis,
291 3488 372 3553 quae
400 3468 594 3552 cogitamus,
627 3466 703 3552 quid
733 3489 894 3552 curemus,
917 3478 1088 3554 appareat,
1117 3467 1202 3531 idem
1225 3489 1294 3531 esse

204 3583 329 3660 potest,
363 3586 460 3663 atque
503 3574 674 3659 cogitando
705 3575 826 3661 aliquid
859 3577 1007 3662 persequi
1039 3576 1107 3641 sive
1137 3576 1294 3639 rationem

203 3683 335 3750 alicuius
366 3685 412 3750 rei
443 3683 569 3749 habere.
621 3682 685 3761 Qui
720 3682 848 3769 quidem
877 3705 952 3748 usus
984 3682 1068 3768 apud
1098 3681 1294 3766 Aeschylum

202 3790 296 3856 nobis
318 3792 454 3856 occurrit
476 3793 592 3874 Agant.
614 3810 645 3853 r.
667 3790 729 3855 669
750 3814 758 3854 t

402 3897 649 3982 ἐβουκολοῦμεν
669 3899 844 3982 φροντίσιν
863 3897 942 3964 νέον
961 3891 1084 3975 πόθος.

205 4002 313 4089 Atque
333 4004 477 4070 similitor
508 4017 693 4091 usurpatam
720 4006 898 4069 invenimus
927 4005 1018 4069 huius
1046 4004 1136 4069 verbi
1157 4003 1293 4068 formam

203 4110 371 4178 mediatem
392 4112 485 4178 Eum.
509 4134 538 4176 v.
562 4113 602 4178 78
624 4134 690 4199 seq.
713 4135 720 4177 :

399 4213 520 4305 καὶμὴ
541 4213 713 4307 πρόκαμνε
733 4213 833 4286 τόνδε
855 4213 1123 4305 βουκολοόμενος

401 4321 520 4395 πόνον.

1073 4447 1093 4512 5
