3220 5014
832 432 851 501 8

332 637 375 703 II.
419 638 459 703 de
480 659 559 702 voce
580 626 672 723 αὐλὴ,
695 636 770 702 sede
791 635 965 722 pecudum,
996 637 1127 720 siusquc
1154 634 1305 698 derivatis
1327 643 1383 698 aut

418 747 601 830 compositis
622 756 719 832 atque
741 746 780 810 de
800 767 880 810 voce
901 736 1061 828 σταθμὸς,
1091 744 1179 807 cuius
1200 741 1310 806 cadem
1333 751 1382 806 cst

416 855 503 918 notio
525 863 622 939 atque
642 854 757 939 prioris
778 853 861 918 illius
882 853 977 935 vocis,

314 959 375 1026 III.
419 961 458 1026 de
490 960 662 1027 bestiarum
694 972 808 1026 natura
839 961 901 1025 huc
929 959 1173 1045 pertinentium,
1204 959 1238 1022 in
1267 956 1381 1042 quibus

418 1071 539 1154 priores
571 1077 679 1153 partes
715 1069 802 1132 canis
835 1067 950 1150 habet,
993 1068 1109 1131 alteras
1141 1065 1256 1144 vitula,
1295 1084 1381 1150 aper,

418 1198 522 1262 capra,
545 1177 623 1240 ovis.

377 1421 446 1486 Iam
468 1422 567 1506 igitur
588 1421 628 1486 ad
659 1423 744 1508 ipsas
772 1424 828 1486 res
848 1421 1088 1508 pertractandas
1117 1421 1295 1485 transeunti
1325 1421 1381 1483 ini-

295 1529 374 1593 tium
404 1528 482 1592 mihi
514 1529 702 1614 capiendum
734 1539 782 1595 est
814 1529 855 1594 ab
883 1532 1078 1615 agricultura
1108 1528 1317 1613 omnibusque
1343 1511 1382 1591 iis

294 1635 400 1719 rebus,
433 1657 516 1721 quac
548 1658 619 1700 cum
653 1637 708 1702 illa
740 1639 927 1702 coniunctae
956 1647 1039 1702 sunt.
1090 1636 1130 1700 In
1165 1635 1279 1720 quibus
1312 1657 1381 1698 cum

295 1746 412 1831 primas
441 1744 646 1809 detulerimus
675 1745 881 1827 animalibus,
912 1767 1045 1830 quorum
1074 1766 1135 1830 ope
1162 1765 1239 1828 ager
1261 1744 1382 1825 colitur,

296 1874 374 1938 quas
397 1853 553 1936 imagines
576 1853 643 1917 sive
665 1875 705 1916 cx
727 1855 800 1937 equi
822 1855 889 1917 sive
911 1876 952 1916 ex
973 1853 1056 1917 tauri
1075 1862 1190 1934 natura
1204 1851 1382 1937 Aeschylus

297 1969 329 2024 ct
351 1959 521 2046 Euripides
543 1962 724 2046 petiverint,
746 1961 924 2027 afferamus.
968 1960 1076 2045 Atque
1106 1960 1145 2024 de
1175 1961 1247 2045 equi
1268 1971 1383 2025 natura

296 2078 485 2153 quaerentes
507 2069 681 2152 insigniore
704 2069 841 2155 quodam
864 2069 968 2133 studio
990 2069 1024 2133 in
1038 2067 1295 2132 similitudinibus
1309 2067 1382 2132 inde

296 2176 441 2260 petendis
481 2186 651 2262 utrumque
690 2187 817 2261 poetam
859 2187 1018 2242 versatum
1050 2198 1120 2242 esse
1152 2177 1381 2260 cognoscimus.

296 2282 392 2361 Quod
413 2305 453 2348 ex
475 2285 651 2369 praestanti
673 2284 727 2349 illa
746 2279 985 2370 'comparatione
1006 2285 1186 2368 Aeschylea
1215 2285 1292 2347 satis
1315 2305 1382 2367 per·

296 2391 439 2474 spicuum
462 2401 520 2473 cst,
543 2412 607 2475 qua
628 2391 793 2477 pugnandi
815 2391 946 2476 cupidus
968 2391 1098 2476 Tydeus
1122 2412 1192 2454 cum
1214 2412 1294 2476 equo
1310 2412 1381 2455 con·

296 2498 406 2579 fertur,
439 2500 494 2584 qui
525 2497 580 2562 ubi
612 2498 709 2562 tubae
740 2500 879 2563 sonitum
911 2498 1034 2562 audivit
1065 2498 1193 2562 anhelat
1225 2509 1322 2584 atquc
1351 2501 1383 2562 in

296 2608 404 2672 hostes
426 2629 461 2671 se
483 2608 600 2672 inferre
622 2609 753 2693 cupiens
774 2607 828 2671 vix
853 2608 992 2672 coerceri
1014 2617 1129 2693 potest.
1173 2607 1384 2672 Inveniuntur

297 2713 396 2780 verba
414 2715 505 2800 Sept.
529 2737 554 2778 c.
577 2715 637 2780 Th.
661 2738 690 2778 v.
712 2716 770 2780 391
795 2737 883 2801 seqq.
907 2740 914 2780 :

445 2841 573 2906 τοιαῦτ’
595 2830 709 2907 οἷλίοον
729 2855 801 2918 ταῖς
822 2831 1052 2928 ὑπερκόμποις
1073 2855 1186 2926 σαχαίς
1262 2897 1267 2909 ,

443 2951 507 3038 βοᾷ
528 2949 606 3034 παρ’
629 2939 748 3032 ὄχθαις
768 2951 955 3035 ποταμίαις,
976 2943 1079 3037 μάχης
1100 2948 1187 3036 ἐρῶν

444 3052 548 3132 ἵππος
567 3061 714 3140 χαλινῶν
736 3048 781 3133 ὡς
804 3059 1065 3141 κατασθμαίνων
1085 3058 1185 3141 μένει,

445 3154 536 3241 ὅστις
557 3157 641 3249 βοὴν
662 3158 841 3250 σάλπιγγος
862 3155 1002 3251 ὄρχᾶται
1022 3160 1142 3232 κλύων.

297 3286 326 3351 Ν
330 3309 380 3351 am
403 3278 541 3374 dpyo'rwt
561 3283 674 3355 κλύων
689 3312 746 3376 pro
762 3281 912 3376 ὁρμαίνει
925 3292 1045 3376 μένων,
1068 3291 1153 3376 quod
1168 3289 1287 3354 habent
1302 3289 1383 3372 libri,

297 3415 368 3459 cum
390 3395 590 3461 Weckleinio
614 3396 719 3480 (Stud.
735 3421 774 3462 au
790 3399 906 3463 Aesch.
929 3399 1028 3484 praef.
1051 3420 1081 3483 p.
1099 3397 1159 3480 VI)
1182 3397 1384 3462 scribendum

298 3523 368 3566 csse
389 3512 476 3586 puto.
520 3503 639 3569 Similis
662 3505 769 3589 imago
791 3515 897 3569 exstat
920 3505 1025 3569 Prom.
1048 3527 1079 3566 v.
1106 3505 1183 3569 1009
1205 3526 1270 3590 seq.
1294 3528 1301 3568 ε

612 3621 724 3694 δακών
745 3629 781 3695 δὲ
799 3623 942 3715 ’στόμιον
963 3620 1008 3705 ὡς
1029 3622 1186 3716 νεοζυγὴς

444 3739 559 3812 πῶλος
578 3729 675 3820 βιάζῃ
695 3739 750 3803 καὶ
770 3730 855 3822 πρὸς
875 3727 969 3823 ἡνίας
989 3731 1084 3822 μάχῃ.

297 3857 421 3937 Quibus
453 3860 559 3942 verbis
592 3861 801 3927 Prometheus
832 3885 933 3949 nuper
965 3885 1042 3926 saxo
1076 3862 1188 3926 affixus
1210 3883 1280 3927 cum
1302 3886 1382 3949 equo

297 3979 515 4052 comparatur,
545 3971 596 4033 cui
622 3981 697 4035 ante
726 3970 823 4061 breve
852 3982 976 4056 tempus
1006 3971 1130 4034 frenum
1151 3971 1302 4034 iniectum
1325 3981 1382 4035 est.

297 4073 441 4139 Tertium
463 4088 570 4141 autem
602 4077 686 4162 quod
715 4077 848 4144 dicimus
880 4078 1127 4164 comparationis
1159 4079 1191 4140 in
1224 4097 1260 4140 eo
1289 4099 1383 4162 quae·
1440 4079 1441 4082 ’

296 4181 430 4248 rendum
458 4194 523 4265 est,
553 4185 655 4269 quod,
683 4187 766 4250 sicut
795 4208 893 4271 equus
921 4186 1011 4250 initio
1037 4185 1162 4248 frenum
1183 4185 1251 4269 pati
1272 4186 1382 4265 nescit,

210 4323 218 4342 ·
297 4290 342 4354 ita
364 4289 546 4356 Promethei
568 4292 662 4358 modo
691 4293 824 4360 vinculis
853 4293 1016 4357 constricti
1047 4293 1171 4357 animus
1200 4291 1383 4358 necessitati
