3220 5014
857 413 899 492 32

481 630 537 695 καὶ
556 621 618 695 τὸν
639 627 677 695 ἐν
698 622 865 711 Χαλύβοις
886 623 1040 715 δαμάζεις
1060 623 1101 697 σὺ
1120 633 1176 722 βίᾳ
1196 633 1340 719 σίδαρον.

334 735 426 816 Quae
446 737 545 802 verba
558 737 599 802 ad
612 737 846 803 Necessitatem
867 747 1023 823 spectant,
1044 759 1108 824 qua
1127 740 1205 806 nihil
1226 743 1326 806 maius
1348 763 1428 807 esse

334 843 447 908 chorus
470 844 641 910 contendit.
686 843 794 924 Quare
814 867 876 930 quo
898 845 993 910 modo
1014 847 1090 930 iugo
1112 848 1257 912 animalis
1272 858 1428 914 naturam
1523 877 1526 882 ·
1568 855 1569 930 l

332 952 426 1017 homo
449 953 540 1038 quasi
560 953 717 1038 infringit,
740 955 785 1018 ita
805 955 903 1040 ipsius
925 954 1002 1018 ferri
1024 955 1089 1020 vim
1110 977 1149 1018 ac
1169 964 1325 1040 naturam,
1347 979 1427 1022 cum

333 1060 411 1125 illud
431 1061 562 1145 frangit,
584 1083 735 1147 superare
756 1062 810 1126 illa
831 1062 964 1126 videtur.
1007 1062 1077 1127 Nec
1103 1073 1270 1148 praeterea
1296 1065 1429 1130 abhoc

333 1168 575 1233 translationum
597 1190 714 1252 genere
734 1168 871 1234 alienum
891 1179 969 1255 puto
991 1170 1123 1236 verbum
1145 1160 1310 1256 ὅχμάζειν,
1332 1173 1426 1258 quod

332 1276 485 1341 habemus
507 1275 661 1361 Aeschyli
679 1277 787 1342 Prom.
810 1299 838 1340 v.
861 1278 881 1341 5
903 1301 910 1342 :

825 1379 887 1451 τὸν
907 1379 1056 1472 λεωργὸν
1078 1376 1220 1472 ὀχμάσαι

333 1501 431 1576 atque
451 1490 569 1556 ibidem
589 1514 619 1557 v.
642 1492 703 1564 618
723 1517 731 1557 :

529 1593 675 1686 σήμηνον
696 1591 785 1677 ὅστις
806 1599 844 1666 ἐν
864 1595 1008 1688 φάραγγί
1029 1602 1057 1668 α’
1079 1593 1239 1687 ὤχμασεν.

332 1705 418 1771 Nam
447 1728 517 1772 cum
539 1707 721 1792 Stephanus
753 1710 786 1772 in
807 1708 887 1773 thes.
911 1707 968 1775 Gr.
991 1710 1010 1774 l.
1030 1710 1274 1796 explicationem
1295 1709 1422 1794 afferat,

332 1803 489 1900 ὀχμάζειν
502 1817 630 1900 proprie
645 1837 713 1881 esse
727 1808 789 1882 τὸν
809 1813 916 1882 ἵππον
929 1806 997 1882 ὑπὸ
1010 1812 1149 1902 χαλινὸν
1168 1807 1302 1904 α’χαχεῑν
1315 1809 1336 1904 ἢ
1349 1809 1422 1885 ὑπὸ

332 1913 448 2008 ὄχημα,
469 1924 510 1988 ad
525 1923 726 1989 vinciendum
741 1925 809 1989 sive
822 1925 963 1990 vinctum
978 1924 1204 1990 Prometheum
1218 1925 1340 1991 duobus
1355 1927 1422 1992 illis

332 2030 409 2095 locis
431 2030 620 2096 translatum
641 2053 711 2097 esse
731 2031 865 2097 videtur.
907 2032 1062 2121 Idemque
1081 2031 1213 2099 verbum
1229 2034 1313 2118 apud
1325 2034 1421 2101 Euri·

332 2137 438 2223 pidem
459 2138 674 2224 metaphorice
694 2149 881 2225 usurpatum
901 2141 1062 2205 invenitur
1083 2140 1189 2207 Orest.
1206 2163 1234 2206 v.
1249 2141 1312 2206 264
1325 2164 1394 2228 seq.
1411 2167 1420 2208 t

528 2248 649 2332 μέθες*
671 2247 716 2332 μί’
737 2233 820 2314 οὖσα
841 2252 911 2314 τῶν
931 2247 1021 2333 ἐμῶν
1042 2237 1200 2335 Ἐρινύων

526 2354 628 2439 μέσον
648 2356 681 2439 μ’
704 2344 866 2441 ὀχμάζεις,
888 2347 934 2434 ὡς
953 2351 1055 2440 βάλῃς
1076 2355 1111 2433 ἐς
1135 2351 1315 2442 Τάρταρον.

330 2461 441 2547 Ipsum
459 2470 566 2527 autem
586 2461 775 2528 vocabulum
802 2455 907 2550 ὄχημα
936 2459 1089 2550 Aeschyli
1110 2464 1216 2529 Prom.
1237 2487 1267 2530 v.
1288 2465 1351 2531 468
1375 2467 1420 2532 ad

331 2571 427 2634 maris
448 2569 593 2635 vehicula
613 2571 633 2636 i.
648 2593 674 2635 e.
690 2571 732 2635 ad
753 2593 852 2638 naves
873 2573 1039 2638 transferri
1061 2573 1142 2638 bene
1156 2572 1207 2638 hic
1221 2572 1418 2659 adiungitur.

330 2675 440 2742 Verba
461 2679 554 2760 enim,
577 2699 658 2762 quae
680 2678 725 2742 ibi
745 2680 932 2762 invenimus,
955 2679 1034 2745 haee
1054 2690 1128 2745 sunt
1149 2705 1157 2745 ε

527 2778 695 2870 λινόπτερ’
716 2770 791 2871 εὗρε
812 2789 978 2853 ναυτίλων
999 2775 1156 2873 ὀχήματα.

332 2889 528 2970 Quibuscum
549 2891 688 2957 conferri
708 2904 851 2978 possunt,
872 2917 955 2980 quae
975 2897 1106 2960 notione
1127 2887 1268 2980 paullum
1289 2895 1418 2960 diversa

331 2997 500 3084 Euripides
522 3000 650 3084 scripsit
670 2999 740 3085 lph.
764 2999 860 3065 Taur.
881 3024 911 3066 v.
932 3001 994 3066 409
1015 3023 1081 3088 seq.
1104 3027 1112 3066 :

528 3103 691 3175 ἔπλευσαν
712 3105 768 3172 ἐπὶ
788 3101 910 3174 πόντια
931 3102 1060 3194 κύματα

526 3208 623 3280 νάϊον
644 3205 760 3301 ὄχημα.

330 3320 444 3407 Neque
479 3323 563 3386 enim
594 3322 634 3386 de
668 3324 731 3387 ullo
767 3324 863 3387 maris
899 3323 1059 3409 vehiculo,
1099 3325 1155 3390 sed
1194 3323 1235 3389 dc
1273 3335 1414 3409 vectura,

330 3450 413 3515 quae
433 3429 486 3495 illo
508 3429 649 3512 efficitur,
679 3429 779 3494 verba
810 3425 907 3496 νάϊον
928 3421 1033 3516 ὄχημα
1065 3431 1126 3496 hoc
1155 3433 1224 3498 loco
1257 3431 1413 3499 dicuntur.

331 3535 391 3601 Oui
412 3538 544 3620 imagini
564 3536 648 3601 haud
669 3539 773 3602 minus
801 3548 875 3623 apte
904 3539 1105 3604 audaciorem
1134 3540 1294 3625 quandam
1315 3550 1413 3605 meta·
1462 3577 1466 3586 ·

330 3643 464 3730 phoram
491 3643 608 3710 addere
632 3665 799 3731 possumus
827 3645 867 3710 de
896 3667 975 3711 voce
1000 3640 1100 3733 χνοὴ,
1130 3668 1193 3733 qua
1213 3669 1323 3712 currus
1344 3647 1413 3712 axis

330 3750 544 3837 significatur,
575 3751 616 3817 ab
645 3751 807 3838 Aeschylo
836 3752 1045 3839 desumptam.
1089 3753 1152 3834 Qui
1174 3755 1303 3842 quidem
1323 3755 1412 3841 Sept.

330 3881 357 3924 c.
378 3859 438 3924 Th.
459 3882 489 3925 v.
510 3858 569 3924 371
592 3859 671 3925 haec
691 3859 823 3945 praebet
844 3885 851 3926 :

527 3969 655 4051 σπουδῇ
674 3960 806 4034 διώκων
824 3971 1016 4055 πομπίμους
1036 3964 1138 4055 χνοὰς
1157 3971 1284 4051 ποδῶν,

307 4059 309 4062 ’
331 4074 445 4160 quibus
466 4075 563 4161 pedes
584 4077 676 4161 quasi
696 4086 786 4142 rotae
808 4076 1037 4161 describuntur,
1067 4099 1150 4164 quae
1170 4101 1234 4143 una
1254 4099 1326 4143 cum
1346 4077 1410 4142 axi·

331 4181 389 4246 bus
411 4183 683 4248 circumferuntur.
727 4183 865 4270 Propter
886 4184 1081 4249 celeritatem
1101 4195 1226 4271 autem,
1257 4206 1321 4271 qua
1340 4206 1410 4272 pro·

330 4300 507 4372 moventur,
527 4291 561 4355 in
582 4292 852 4377 comparationem
881 4300 967 4356 rotas
997 4294 1106 4357 vocari
1126 4295 1327 4379 perspicuum
1353 4299 1409 4358 est.
