3220 5014
698 457 738 521 67

467 658 523 726 καί
544 649 641 733 κενὸς
662 649 764 725 κενὸν
783 661 881 726 καλεῖ

468 758 634 850 ξύννομον
652 753 767 830 βίλοον
789 761 884 848 ἔχειν,

169 879 189 942 i.
213 897 239 938 e.
272 873 413 938 sodalem
446 873 565 940 hebere
600 874 731 957 cupiens
768 874 801 937 iu
832 873 912 936 urbe
943 885 1039 958 cepte
1071 873 1260 959 diripienda.

170 982 292 1047 Eodem
314 983 485 1066 pertinent,
508 1002 591 1066 quoe
613 980 755 1065 Choeph.
778 1003 808 1044 v.
830 981 891 1045 598
914 1002 981 1065 seq.
1003 992 1132 1046 exstent
1154 1007 1162 1047 r

594 1079 704 1154 ἄταισι
725 1082 909 1172 συννόμους
928 1091 1064 1173 βροτῶν

368 1191 529 1282 συζύγους
550 1187 710 1282 ὁμαυλίας

169 1316 267 1392 etque
290 1327 372 1391 quae
395 1305 484 1370 Pers.
505 1328 536 1368 v.
560 1304 620 1370 704
641 1305 822 1389 leguntur:

269 1417 339 1480 τῶν
360 1413 450 1497 ἐμῶν
471 1412 620 1497 λέκτρον
633 1405 748 1498 γεραιὰ
764 1405 897 1496 ξύννομ’
913 1402 1043 1496 εὐγενὲς
1055 1407 1162 1498 γύναι,

170 1520 224 1585 ubi
246 1518 287 1587 de
308 1522 445 1604 coniuge
466 1520 656 1584 vocabulum
677 1513 840 1603 ξίννομος
854 1519 1104 1602 intellegendum
1118 1530 1177 1586 est.
1209 1520 1262 1586 Ex

172 1626 325 1713 Euripide
346 1638 453 1692 autem
475 1649 539 1692 uno
560 1648 656 1714 quam
678 1628 858 1695 invenimus
879 1628 986 1712 imago
1008 1627 1070 1692 huo
1094 1627 1263 1694 referenda

171 1744 220 1800 est
242 1733 339 1821 Hipp.
362 1757 392 1798 v.
414 1735 476 1800 979
497 1758 563 1823 seq.
586 1737 631 1800 ita
653 1756 806 1820 expresse
828 1759 835 1800 :

369 1831 439 1910 odd
461 1841 495 1908 αί
517 1835 686 1929 θαλάσσης
707 1837 865 1928 ξύννομοι
886 1845 1109 1928 Σκειρωνίδας

371 1944 514 2035 φήσουσι
534 1951 664 2036 πέτραι,
686 1964 758 2027 τοῖς
779 1964 895 2027 κακοῖς
914 1951 947 2036 μ’
969 1947 1054 2018 εἶναι
1074 1946 1188 2037 βαρύν.

170 2056 242 2137 Quo
262 2058 333 2124 loeo
354 2053 524 2144 θαλάσσης
545 2053 703 2143 ξύννομοι
723 2058 907 2126 Scironides
935 2059 1007 2124 illae
1034 2081 1130 2144 rupes
1152 2059 1261 2124 dieun-

170 2177 231 2250 tur,
253 2169 372 2254 quippe
402 2189 484 2252 quoe
513 2167 554 2232 od
587 2189 674 2232 mere
706 2168 787 2232 sitae
817 2170 908 2252 quasi
936 2166 1060 2232 sodales
1087 2166 1170 2231 illius
1192 2189 1262 2232 esse

169 2273 349 2341 videantur.
406 2293 408 2297 ·

251 2382 362 2450 Unum
394 2393 495 2450 restet
526 2382 660 2448 verbum
693 2384 842 2469 φέρβειν,
875 2382 961 2468 quod
982 2384 1110 2469 proprie
1131 2403 1263 2468 pascere

31 2499 35 2508 '
169 2490 330 2574 siguificat
360 2504 457 2577 atque
488 2491 529 2556 ad
558 2491 701 2557 homines
733 2491 923 2558 translatum
953 2490 1060 2556 alendi
1097 2493 1261 2556 notionem

33 2609 37 2618 '
169 2601 295 2686 accipit.
338 2598 411 2679 Quo
433 2622 528 2664 sensu
550 2599 591 2665 eb
613 2601 767 2685 Euripide
789 2600 895 2667 Orest.
918 2622 948 2662 v.
971 2598 1032 2664 869
1060 2609 1261 2685 usurpatur:

608 2711 664 2773 καί
683 2709 716 2793 μ’
739 2705 857 2792 ἔφερβε
880 2701 938 2784 σὸς
958 2701 1061 2791 δόμος

169 2825 268 2900 atque
288 2814 358 2879 Ion.
381 2837 410 2879 v.
432 2815 495 2880 323
517 2839 524 2879 :

368 2925 476 3007 βωμοί
495 2923 528 3008 μ’
551 2921 694 3008 ἔφερβον
714 2914 845 2990 οὑπιών
865 2923 894 2988 τ’
915 2912 968 2988 αἐί
989 2922 1092 3001 ξένος.

170 3030 483 3096 Praestantissimum
504 3032 643 3116 deniqne
663 3033 948 3116 suavissimamque
968 3031 1141 3113 imaginem
1163 3028 1261 3093 hebes

40 3201 42 3220 ,
169 3137 254 3204 Med.
277 3161 306 3203 v.
329 3139 391 3204 826
412 3161 503 3224 soq.:

365 3240 477 3332 χώρας
498 3237 700 3333 ἀπορθήτου
720 3247 749 3313 τ’
770 3235 1043 3333 α’ποφερβόμενοι

367 3349 587 3422 κλεινοτάταν
608 3357 740 3438 σοφίαν,

170 3461 285 3546 quibus
315 3463 423 3527 verbis
454 3465 665 3548 sapientium,
700 3485 764 3550 quo
785 3463 954 3546 excellunt,
983 3462 1074 3546 quasi
1096 3460 1262 3526 comedere

170 3567 384 3636 Athenienses
406 3569 565 3636 dicuntur.

252 3675 395 3762 Longius
416 3690 524 3745 eutem
538 3682 571 3744 in
586 3682 639 3745 via
652 3691 764 3745 nostre
777 3678 1019 3764 progredientes
1032 3676 1260 3742 vocabulorum

170 3784 211 3848 ab
232 3773 327 3870 αὐλὴ,
349 3785 425 3852 sede
445 3787 620 3872 pecudum,
642 3788 808 3854 ductorum
839 3787 937 3852 verbo
958 3786 1162 3851 admonuisse
1181 3786 1261 3850 satis

171 3888 334 3958 habemus.
378 3893 522 3974 Quorum
543 3896 624 3960 haee
644 3895 728 3982 opud
751 3905 863 3982 poetas
888 3906 1016 3960 nostros
1037 3894 1130 3958 nobis
1152 3914 1260 3956 occur·

170 4011 246 4064 runt
267 4023 275 4064 ε
296 3991 471 4087 αὐλίζομαι
502 4004 679 4089 (Euripidis
709 4004 757 4068 El.
781 4025 810 4068 v.
833 4005 930 4086 304),
960 4001 1153 4088 παραυλίζοο
1176 3999 1259 4083 (Ion.

170 4128 201 4170 v.
222 4107 309 4187 493),
331 4099 487 4187 ἄδίαυλος
508 4112 560 4194 (fr.
576 4111 662 4192 860),
685 4108 822 4188 ἔναυλος
844 4111 975 4194 (Bacch.
991 4132 1020 4174 v.
1038 4109 1121 4191 121),
1143 4101 1258 4188 §douo-

171 4218 229 4290 ίθς
250 4215 315 4300 (ΕΙ.
338 4239 366 4280 ν.
389 4217 480 4302 8ῖ9),
510 4221 667 4298 ξυναυλία
690 4219 858 4304 (Aeschyli
879 4218 967 4303 Sept.
990 4240 1016 4281 c.
1038 4215 1098 4281 Th.
1122 4238 1151 4280 v.
1173 4215 1260 4298 839),

171 4311 312 4405 ὁμαυλία
348 4323 505 4408 (Οίιοορίι.
544 4348 572 4390 v.
601 4326 697 4410 599),
741 4327 899 4394 δυσαυλία
945 4325 1076 4409 (Agom.
1112 4345 1142 4387 r.
1174 4317 1259 4403 555).

1014 4440 1064 4507 5*
