3220 5014
866 424 909 493 24

343 644 411 699 tum
442 633 597 699 Hercules
637 653 672 695 se
708 629 860 695 nominat.
920 612 1087 712 Idemque⁴
1107 624 1323 692 familiaritate
1355 642 1426 686 cnm

345 740 479 806 Castore
506 740 692 804 coniunctus
715 738 830 802 Pollux
848 735 931 800 illius
952 727 1089 820 ξ’ζυγος
1111 732 1289 819 appellatur
1308 729 1425 796 Troad.

343 871 373 913 v.
396 848 478 914 1000
498 869 575 933 seq.‚
596 847 652 910 ubi
673 845 751 910 haec
772 843 871 909 verba
892 841 1091 928 respicienda
1111 851 1186 906 sunt
1207 866 1215 908 ε

805 947 978 1036 Κάστορος
997 951 1132 1016 νεανέου

590 1067 654 1128 τού
674 1055 815 1147 ξυζύγου
834 1061 864 1126 τ’
887 1058 932 1126 ἔτ’
954 1051 1060 1136 ὄντος.

343 1170 458 1256 Neque
489 1168 616 1235 diversa
647 1180 696 1234 est
726 1168 768 1234 ab
798 1169 858 1234 hac
888 1170 995 1252 imago
1025 1168 1096 1250 illa,
1129 1186 1211 1252 quae
1239 1163 1309 1250 Iph.
1331 1161 1427 1227 Taur.
1564 1151 1565 1204 l

344 1300 374 1344 v.
397 1279 459 1344 250
479 1279 525 1343 ita
546 1299 696 1363 expressa
717 1287 765 1342 est
786 1302 794 1342 :

493 1389 556 1451 τοῦ
576 1379 716 1470 ξυζύγου
737 1385 773 1451 δὲ
793 1389 856 1451 τοῦ
876 1385 974 1465 ξένου
993 1386 1026 1450 τί
1047 1373 1182 1467 τοῦνομ’
1203 1367 1261 1467 lym

345 1493 430 1558 Nam
452 1491 593 1558 Graecos
622 1493 700 1557 duos
728 1494 763 1557 in
790 1492 962 1557 Tauridem
989 1491 1124 1556 insulam
1153 1512 1236 1555 nave
1263 1488 1429 1553 advenisse
1564 1467 1565 1516 3

346 1600 544 1686 alterumque
556 1600 600 1665 ab
615 1602 715 1666 altero
727 1600 882 1686 Pyladem
896 1601 1053 1666 nominari
1063 1598 1251 1684 Iphigeniae
1268 1617 1288 1660 a
1301 1603 1429 1680 pastore

346 1709 528 1772 nuntiatum
550 1717 607 1792 est,
629 1731 650 1773 a
670 1730 733 1794 quo
754 1709 818 1772 iam
839 1708 946 1773 verbis
966 1705 1102 1772 laudatis
1123 1707 1176 1771 illa
1190 1705 1323 1791 quaerit,
1345 1701 1429 1788 quod

348 1818 391 1882 sit
411 1838 527 1882 nomen
549 1818 642 1882 amici
663 1839 734 1882 cum
750 1816 873 1902 Pylade
887 1818 1054 1881 coniuncti.
1097 1814 1208 1882 Unum
1222 1822 1324 1878 restat
1338 1810 1429 1875 huius

348 1925 475 2009 generis
497 1924 686 2011 exemplum,
707 1926 741 1989 in
762 1943 825 2010 qno
839 1923 973 1990 verbum
988 1915 1253 2009 παραζευγνύναι
1275 1923 1322 1985 ita
1341 1939 1429 1983 usur-

347 2040 457 2118 patum
472 2040 529 2115 eet,
551 2041 587 2096 ut
600 2031 795 2116 adiungendi
809 2041 906 2119 atque
920 2041 1009 2096 artae
1024 2029 1186 2098 cuiusdam
1202 2027 1430 2093 communionis

348 2138 531 2204 efficiendae
559 2140 646 2204 notio
675 2138 799 2205 evadat.
849 2139 995 2205 Dicimus
1017 2139 1114 2221 enim,
1145 2158 1226 2222 quae
1247 2134 1315 2199 Ion.
1337 2156 1367 2198 v.
1390 2133 1430 2196 22

348 2270 414 2334 seq.
436 2248 528 2313 nobis
550 2257 720 2313 occurrunt
742 2273 749 2314 :

545 2350 683 2443 φρουρώ
702 2349 933 2442 παραζεύξασα
954 2349 1080 2438 φύλακε
1102 2348 1254 2440 σώματος

546 2458 641 2532 δισσύ
668 2457 838 2550 δράκοντε.

430 2571 604 2640 Uberiores
626 2582 701 2638 sunt
722 2572 852 2637 alterius
874 2572 1001 2656 generis
1022 2571 1194 2656 imagines,
1222 2571 1255 2635 in
1277 2591 1339 2658 quo
1362 2589 1432 2632 cum

348 2679 444 2773 rebus
481 2679 649 2745 abstractis
689 2681 942 2744 communionem
983 2701 1053 2744 esse
1089 2700 1184 2764 supra
1213 2677 1432 2748 indicavimus.

349 2787 458 2873 Atque
489 2787 574 2874 apud
606 2787 800 2873 Aeschylum
842 2788 978 2873 primum
1018 2786 1122 2851 locum
1163 2784 1286 2850 obtinet
1325 2805 1432 2849 earum

349 2916 508 2978 numerus,
531 2895 645 2980 quibus
667 2897 722 2981 qui
744 2897 896 2960 servitute
918 2915 1087 2980 oppressus
1102 2903 1228 2959 tenetur
1241 2887 1328 2958 illam
1343 2893 1432 2979 quasi

348 3003 458 3088 iugum
472 3002 556 3068 ferre
571 3003 777 3088 significatur.
811 3001 977 3068 Habemus
992 3011 1099 3067 autem
1113 3002 1193 3067 tales
1208 3001 1432 3066 translationes

349 3112 466 3196 Agam.
487 3134 517 3178 v.
540 3111 630 3179 953:

497 3211 584 3286 ἑκὼν
603 3214 666 3306 γὰρ
689 3208 797 3296 οὐδεὶς
816 3220 940 3306 δουλίῳ
959 3223 1079 3305 χρῆται
1099 3222 1199 3304 ζυγῷ,

349 3348 379 3391 v.
404 3326 514 3392 1226:

596 3436 711 3521 φέρειν
730 3429 792 3522 γὰρ
810 3429 873 3522 χρὴ
892 3429 932 3502 τὸ
954 3428 1091 3502 δούλιον
1111 3418 1221 3519 ζυγόν,

349 3542 437 3628 Sept.
460 3565 487 3607 c.
509 3542 568 3607 Th.
591 3565 620 3608 v.
644 3543 684 3607 74
704 3565 801 3629 seq.:

497 3649 680 3737 ἐλευθέραν
700 3651 736 3718 δὲ
756 3655 817 3738 γῆν
835 3675 875 3718 τε
895 3652 951 3718 παὶ
971 3643 1109 3735 Κάδμου
1129 3642 1231 3716 πόλιν

497 3765 622 3844 ζυγοῖσι
643 3759 822 3826 δουλείοισι
841 3752 971 3848 μηπότε
993 3765 1136 3843 σχεθεῖν,
1172 3777 1174 3780 ·

106 3869 109 3878 ’
348 3887 379 3930 v.
403 3867 466 3932 470
486 3888 552 3954 seq.
575 3891 582 3932 :

497 3975 552 4040 καὶ
573 3975 658 4060 τῷδε
680 3977 768 4057 φωτὶ
789 3975 899 4060 πέμπε
920 3969 982 4040 τὸν
1002 3975 1186 4062 φερέγγυον

496 4075 627 4160 πόλεως
648 4072 818 4169 α’πελργειν
838 4084 937 4169 τῆσδε
960 4077 1113 4149 δούλειον
1133 4078 1243 4168 ζυγόν,

340 4137 379 4254 ἰ.
402 4189 485 4256 σου,

496 4290 595 4374 πόλις
613 4297 779 4382 πέφευγεν
799 4288 856 4384 ἥδε
878 4291 1032 4364 δούλειον
1052 4290 1161 4383 ζυγόν,
