3220 5014
667 369 864 528 4..-

220 655 302 734 q'uae
323 642 435 708 eadem
457 646 593 727 φοινίαν
613 644 777 731 ξυνωρίδα
798 643 952 730 appellari
974 665 1070 728 supra
1084 662 1308 707 commemora-

218 755 332 818 vimus.
387 752 541 818 Similiter
581 762 765 838 usurpatam
803 753 981 817 invenimus
1019 772 1129 816 vocem
1162 745 1310 838 μαράγνη

219 860 361 946 Ohoeph.
385 881 414 924 v.
437 860 499 925 375
520 882 585 946 seq.
609 885 617 925 :

417 957 501 1033 άλλά
524 968 640 1053 διπλῆς
660 961 722 1054 γάρ
743 969 841 1055 τῆσδε
864 961 1031 1054 μαράγνης

418 1075 544 1153 δοῦπος
564 1074 713 1160 ἱκνεῖται,
811 1077 814 1083 ’
1047 1148 1049 1154 ,

221 1205 303 1269 quae
326 1181 425 1247 verba
446 1182 486 1248 de
507 1183 625 1269 duplici
647 1184 701 1250 illa
717 1185 898 1250 calamitate
913 1183 1127 1268 intellegenda
1142 1193 1225 1266 sunt,
1248 1204 1311 1268 qua

221 1291 335 1355 chorus
357 1313 392 1356 se
412 1293 591 1376 perculsum
614 1313 684 1357 esse
707 1291 792 1376 dicit,
816 1291 900 1378 quod
922 1293 1146 1376 Agamemnon
1168 1303 1310 1355 mortuus

220 1400 277 1482 sit,
310 1397 486 1484 Aegisthus
518 1409 550 1464 et
583 1399 841 1485 Clytaemnestra
871 1409 1043 1483 regnantes
1079 1399 1195 1464 liberos
1227 1399 1309 1463 illius

220 1508 410 1592 opprimant.
465 1507 574 1592 Atque
603 1505 687 1592 quod
716 1506 770 1571 illo
801 1507 888 1590 loco,
920 1528 1014 1592 quem
1041 1508 1147 1592 paullo
1173 1518 1249 1572 ante
1270 1531 1310 1572 ex

220 1615 327 1680 Prom.
356 1635 386 1677 v.
409 1614 468 1678 681
493 1635 558 1700 seq.
588 1613 804 1697 laudavimus,
834 1614 952 1698 legitur
980 1609 1113 1700 μάστιγι
1141 1615 1239 1705 θείᾳ,
1269 1615 1308 1678 ad

167 1741 171 1746 ·
222 1723 402 1786 universam
426 1722 637 1786 calamitatem
652 1744 672 1786 a
685 1721 809 1787 Iunone
824 1720 884 1786 dea
897 1721 968 1787 Ioni
983 1723 1155 1788 excitatam
1177 1732 1309 1807 spectat.

224 1827 335 1914 Neque
356 1829 557 1912 neglegenda
579 1841 672 1914 sunt,
702 1851 783 1916 quae
805 1831 898 1895 Eum.
920 1852 950 1895 v.
976 1831 1034 1896 159
1055 1853 1120 1917 seq.
1143 1831 1278 1914 legimus
1301 1855 1309 1895 ε

427 1931 567 2023 πάρεστι
587 1939 808 2025 μαστίκτορος
830 1939 925 2005 δαίόυ
946 1939 1066 2023 δαμίου
1125 1989 1128 1998 .

426 2039 511 2132 βαρὺ
531 2039 572 2111 τά
594 2047 757 2133 περίβαρυ
777 2040 878 2133 κρύος
900 2045 996 2131 ἔχειν,

220 2151 275 2216 ubi
319 2155 511 2239 μαστίκτωρ
547 2152 805 2239 Clytaemnestra
843 2153 974 2237 dicitur,
1022 2175 1104 2239 quae
1144 2153 1312 2218 Furiarum

222 2259 368 2344 chorum,
399 2281 469 2325 cum
492 2281 603 2325 somno
633 2260 675 2324 ab
698 2260 822 2327 Orestis
844 2263 1054 2327 insectatione
1072 2260 1234 2346 prohiberi
1254 2282 1308 2346 po·

222 2369 336 2451 tuerit,
366 2370 516 2434 conviciis
546 2371 592 2434 ita
620 2369 772 2454 perculit,
806 2379 842 2434 ut
873 2370 962 2454 quasi
995 2368 1151 2434 carnificis
1182 2367 1309 2452 flagello

221 2475 424 2542 verberatum
446 2499 481 2541 se
503 2477 702 2543 cohorruisse
723 2477 775 2542 ille
796 2478 889 2541 dicat.

305 2583 374 2649 Iam
398 2606 485 2668 vero,
508 2607 590 2671 quae
612 2586 652 2650 de
674 2587 742 2670 ipro
764 2585 834 2668 agri
850 2585 935 2650 cultu
950 2585 1112 2670 profectae
1127 2593 1211 2667 sunt,
1233 2585 1309 2647 ima-

221 2693 312 2776 gines
343 2692 586 2778 pertractandas
622 2692 857 2777 aggrediamur.
912 2694 1020 2778 Atque
1051 2713 1121 2756 cum
1151 2691 1310 2756 Lueckius

220 2809 325 2866 taceat
346 2801 388 2894 de
404 2823 522 2884 genere
537 2801 804 2886 frequentissimo,
828 2799 913 2886 quod
928 2800 1034 2865 verbis
1048 2789 1151 2886 oipdoo,
1173 2791 1310 2886 άρουρα,

221 2897 396 2993 α’ρυδσιμος,
418 2903 507 2994 χδης,
530 2899 621 2988 άίοξ,
641 2907 759 2993 χέρσος
781 2913 968 2980 continetur,
993 2908 1128 2992 primum
1144 2908 1230 2993 quod
1246 2916 1310 2972 tam

221 3037 316 3102 saepe
338 3016 420 3082 illius
442 3017 568 3100 generis
590 3017 638 3080 vis
666 3026 763 3101 atque
793 3027 948 3080 naturae
969 3014 1136 3100 Sophoclis
1158 3017 1309 3100 interpre-

221 3123 307 3189 tibus
329 3126 475 3210 exposita
497 3127 547 3208 sit,
570 3136 605 3190 ut
627 3125 687 3210 ipsi
709 3123 801 3208 desit,
824 3124 909 3210 quod
931 3122 1049 3188 addere
1063 3125 1174 3209 possit,
1196 3122 1311 3188 deinde

222 3232 297 3316 quia
329 3241 393 3296 tam
422 3233 487 3298 late
517 3242 626 3317 pateat
655 3231 741 3317 apud
763 3231 906 3297 Graecos
928 3231 980 3296 hio
1001 3253 1091 3316 usus,
1121 3241 1156 3295 ut
1177 3230 1217 3295 ad
1238 3253 1310 3316 pro·

221 3340 323 3425 priam
345 3349 377 3404 et
405 3341 599 3424 singularem
628 3339 775 3403 dictionis
797 3338 995 3424 Sophocleae
1016 3337 1153 3405 indolem
1178 3359 1310 3422 cognos-

222 3445 355 3511 cendam
377 3446 456 3513 nihil
475 3446 544 3511 sere
564 3446 680 3529 valeat,
701 3467 743 3510 ne
764 3445 857 3509 nobis
880 3445 1024 3531 quidem,
1057 3467 1138 3531 quae
1160 3444 1199 3510 de
1219 3444 1311 3510 huius

222 3556 349 3638 generis
379 3554 485 3619 verbis
517 3553 558 3619 ab
589 3553 751 3640 Aeschylo
783 3563 814 3618 et
843 3553 1016 3638 Euripidae
1045 3553 1211 3639 desumpta
1239 3564 1313 3618 sunt

223 3663 355 3746 similia,
386 3662 426 3728 ad
459 3683 556 3727 unum
590 3663 696 3726 omnia
727 3662 942 3727 enumeranda
962 3663 1014 3728 vel
1035 3661 1221 3726 illustranda
1244 3683 1313 3726 esse

221 3769 381 3836 videntur.
424 3769 529 3836 Velim
551 3780 657 3835 autem
679 3772 830 3855 respicias
862 3771 1131 3855 comparationem
1153 3769 1312 3856 quandem

221 3877 263 3943 ab
284 3878 439 3965 Euripide
461 3887 655 3964 usurpatam,
677 3898 742 3964 qua
762 3880 918 3963 imprimis
941 3877 1022 3942 bene
1044 3899 1195 3963 expressa
1216 3885 1313 3963 atque

220 3988 351 4052 illustris
366 3986 540 4052 similitudo
554 3988 668 4051 animis
682 3988 800 4051 nostris
815 3995 1082 4071 repraesentatur.
1115 3985 1198 4050 Dico
1217 3987 1311 4068 enim,

223 4117 305 4182 quae
325 4093 405 4160 Hec.
428 4117 458 4158 v.
480 4095 541 4160 592
563 4115 651 4180 seqq.
672 4095 907 4158 inveniuntur:

585 4193 710 4268 οῦκουν
730 4196 850 4284 δεινὸν,
873 4201 901 4268 εί
921 4206 962 4288 γῆ
981 4202 1043 4287 μὲν
1063 4196 1144 4267 κακί

387 4315 534 4398 τυχοῦσα
555 4315 674 4400 καιροῦ
694 4304 826 4380 θεόθεν
847 4296 884 4380 εὖ
906 4304 1029 4398 στάχυν
1051 4311 1153 4397 φέρει,
