3220 5014
225 642 314 709 tandi
337 662 465 728 quoque
485 640 618 710 notione
649 637 784 710 verbum
813 630 948 720 βόσκειν
977 634 1018 705 ab
1049 636 1203 722 Euripide
1232 659 1321 700 usur·
1426 656 1429 661 ·

223 760 319 837 patur
341 749 462 814 Phoen.
485 765 516 811 v.
538 747 601 811 396
624 770 631 809 :

200 859 202 862 ’
376 853 410 921 αλ
432 855 460 923 d'
482 853 613 930 ἐλπίδες
634 846 794 930 βόσκουσι
815 845 974 936 φυγάδας,
996 843 1042 929 ὡς
1063 845 1171 937 λόγος.

225 981 345 1048 Similis
377 989 484 1046 exstet
516 1000 592 1043 usus
625 978 748 1042 formae
781 976 925 1042 medialis
957 979 1161 1042 intransitive
1198 979 1322 1062 positae

117 1073 119 1077 ,
225 1111 330 1174 neque
351 1087 393 1152 ad
414 1108 537 1152 merum
560 1085 744 1152 animalium
773 1084 945 1170 pabulum,
977 1085 1034 1149 sed
1064 1084 1106 1150 ad
1127 1086 1206 1150 alias
1229 1107 1321 1172 quas·

225 1198 298 1263 dam
320 1219 381 1280 res,
404 1195 519 1282 quibus
542 1195 686 1258 homines
715 1194 915 1274 afficiuntur,
947 1195 1131 1278 spectantis.
1174 1193 1266 1272 Quae
1286 1204 1322 1259 ut

225 1315 281 1369 aut
301 1302 458 1369 iucundae
486 1313 542 1369 aut
572 1303 709 1368 acerbae
738 1312 830 1385 sunt,
861 1304 907 1367 ita
934 1312 990 1368 aut
1019 1302 1171 1367 delectari
1199 1303 1239 1366 iis
1266 1312 1322 1367 aut

224 1413 323 1496 affligi
349 1410 484 1476 verbum
513 1410 590 1475 illud
622 1399 792 1495 significat.
844 1411 955 1495 Atque
983 1410 1036 1474 illo
1066 1410 1195 1496 quidem
1225 1433 1320 1475 sensu

223 1519 443 1603 intellegenda
463 1529 548 1603 sunt,
570 1541 652 1604 quse
673 1517 838 1604 Euripidis
857 1517 975 1582 Bacch.
997 1540 1027 1582 v.
1050 1518 1110 1583 617
1134 1519 1268 1602 legimus
1291 1543 1298 1582 ε

699 1624 830 1694 ἐλπίσιν
850 1625 878 1691 d’
899 1619 1070 1705 ἐβόσκετο,

225 1733 401 1819 eademque
422 1733 656 1818 significatione
671 1733 852 1819 praeditum
866 1733 952 1818 apud
967 1733 1164 1817 Aeschylum
1186 1733 1319 1799 verbum

224 1834 409 1922 βόσκεσθαι
429 1842 584 1907 habemus
610 1841 699 1928 Sept.
723 1865 749 1907 c.
771 1842 832 1907 Th.
853 1864 883 1905 v.
906 1842 998 1906 244:

372 1962 485 2054 τοόιφ
504 1962 566 2054 γὰρ
591 1959 681 2055 Ἄρης
701 1961 858 2050 βόσκεται
879 1961 976 2054 φόνῳ
996 1971 1138 2054 βροτῶν.

221 2093 388 2160 Delectari
410 2096 495 2159 enim
519 2094 659 2160 Martem
680 2094 845 2159 hominum
867 2093 964 2158 caede
986 2117 1026 2158 ex
1049 2094 1100 2158 dei
1114 2104 1230 2158 natura
1245 2115 1318 2158 con·

221 2211 409 2266 sentaneum
440 2201 526 2266 est*
576 2201 725 2266 Alterum
754 2223 850 2287 quem
881 2203 1198 2266 commemoravimus
1229 2201 1318 2266 verbi

219 2301 404 2389 βόσκεσθαι
434 2331 528 2374 usum
558 2331 598 2374 ex
621 2309 764 2376 eiusdem
785 2310 939 2396 Aeschyli
963 2299 1105 2396 Ohoeph.
1127 2332 1158 2374 v.
1180 2309 1221 2374 26
1243 2331 1317 2394 cog-

219 2418 382 2481 noscimus
405 2439 415 2480 :

419 2524 461 2589 δι’
482 2523 604 2602 αἰῶνος
625 2526 654 2591 d'
675 2525 818 2610 ἰυγμοῖσι
839 2518 997 2607 βόσκεται
1017 2525 1108 2612 κέαρ.

219 2648 467 2715 Substantivum
491 2649 578 2734 quod
601 2651 744 2735 sequitur
764 2642 914 2735 βόσκημα
937 2660 994 2715 aut
1023 2650 1199 2720 subiectivo
1221 2671 1318 2714 sensu

221 2755 341 2822 dictum
364 2758 546 2821 invenimus
568 2756 609 2820 de
631 2777 678 2839 eo,
701 2778 764 2841 quc
787 2757 864 2843 quid
885 2767 1051 2842 augeatur,
1080 2767 1137 2824 aut
1159 2757 1317 2823 obiectivo

220 2862 260 2928 de
289 2885 344 2947 eo,
376 2863 461 2949 quod
492 2865 564 2952 quis
595 2874 685 2928 curet
716 2865 784 2928 sive
813 2887 877 2950 quo
906 2865 1040 2932 fruatur.
1091 2866 1213 2930 Prioris
1242 2889 1317 2930 usus

222 2965 403 3056 exemplum
426 2970 581 3035 hahemus
603 2970 756 3056 Aeschyli
778 2972 890 3058 Suppl.
913 2994 943 3038 v.
968 2973 1030 3037 619
1051 2995 1117 3058 seq.
1142 2997 1149 3036 :

369 3098 476 3184 λέγων
498 3097 641 3162 διπλοῦν
660 3098 784 3182 μίασμα
807 3091 894 3184 πρός
913 3093 1047 3176 πόλεως
1069 3099 1176 3181 φανὲν

280 3231 282 3238 ’
368 3193 541 3289 ἀμήχανον
560 3197 710 3289 βόσκημα
731 3210 881 3291 πημονῆς
902 3206 1025 3272 πέλειν.

220 3327 291 3406 Quo
313 3328 382 3394 loco
405 3330 481 3398 illud
502 3330 645 3398 όιπλοῦν
665 3331 790 3415 μίασμα
817 3341 951 3398 vocatur
977 3327 1127 3418 βόσκημα
1155 3339 1316 3421 πημονῆς,

219 3437 337 3522 quippe
359 3458 421 3521 qno
444 3437 609 3502 calamitas
627 3447 784 3522 augeatur
799 3448 831 3504 et
845 3439 1065 3525 amplificetur.
1108 3441 1179 3506 Nec
1201 3442 1317 3508 desunt

218 3542 348 3608 alterius
369 3567 446 3608 usus
469 3546 626 3632 exempla,
660 3548 748 3611 cuius
770 3547 870 3632 ipsius
892 3547 955 3612 duo
978 3569 1098 3632 genera
1122 3559 1249 3618 exstare
1269 3551 1316 3625 in,-

218 3649 402 3735 dicavimus,
426 3673 561 3738 quorum
585 3655 721 3720 alterum
744 3677 784 3719 ex
806 3655 969 3740 Euripidis
991 3655 1089 3742 Hipp.
1105 3641 1136 3721 v.
1154 3657 1234 3722 1355
1249 3678 1315 3743 seq.

218 3761 451 3842 cognoscitur:

220 3932 418 3942 —---—..

285 4045 358 4100 *Gt
378 4065 448 4115 quae
474 4065 534 4117 pag.
555 4052 660 4116 seseq.
688 4051 721 4102 de
747 4051 829 4103 verbo
856 4053 1003 4121 κοιμαλνω
1029 4053 1178 4105 delectandi
1203 4055 1313 4106 notione

216 4133 334 4201 praedito
353 4137 534 4202 exposuimus,
552 4143 691 4204 praeterea
708 4137 834 4190 schilleri
851 4140 911 4189 Don
930 4139 1021 4191 Garios
1039 4140 1086 4204 111,
1104 4145 1121 4190 4
1139 4157 1145 4190 ι

365 4222 415 4272 Mil
431 4222 546 4273 welches
564 4221 720 4274 Wollust
744 4223 787 4274 lhr
804 4240 837 4274 sn
855 4226 968 4276 meinem
987 4227 1121 4288 sohmsrz,

363 4309 405 4358 An
424 4309 524 4359 moines
543 4310 642 4362 Zornes
659 4309 788 4375 Wsllung
806 4309 875 4362 cuch
891 4312 1080 4378 geveldet?
