3220 5014
766 448 787 512 9

676 537 871 544 m

231 648 346 714 cedere
361 647 503 712 nondum
518 647 637 712 didicit.
680 647 867 733 Eodemque
881 657 1027 733 spectant
1045 647 1145 712 verbe
1157 645 1320 731 Euripidis

228 757 265 822 fr.
292 756 352 821 818
375 779 382 822 2

382 864 410 930 εί
431 865 493 948 μὲν
513 858 583 931 τόδ’
604 850 691 951 ἦμαρ
711 869 850 950 πρῶτον
863 850 912 950 ἦν
932 863 1128 949 κακουμένῳ

377 974 433 1037 καὶ
453 965 497 1058 μὴ
518 966 648 1057 μακράν
670 965 709 1058 δὴ
730 965 784 1038 διὰ
806 965 925 1038 πόνων
945 961 1176 1048 ἐναυστόλουν,

377 1072 466 1155 είκδς
487 1073 668 1162 σφαδάζειν
688 1065 728 1165 ἢν
749 1070 792 1143 ἂν
814 1069 859 1155 ῶς
880 1072 1021 1162 νεόζνγα

376 1191 494 1254 πῶλον
512 1180 650 1272 χαλινὸν
671 1176 793 1274 άρτίως
816 1186 1020 1272 δεδεγμένον.

230 1294 289 1359 Oui
304 1296 436 1380 imagini
458 1295 541 1361 bene
561 1296 746 1380 adiungitur
760 1296 965 1381 comparatio,
988 1317 1070 1381 quae
1084 1293 1169 1378 apud
1184 1292 1318 1358 eundem

228 1413 356 1488 poetam
378 1413 485 1469 exstat
506 1404 602 1470 Herc.
626 1405 686 1469 fur.
708 1426 738 1467 u.
763 1405 822 1469 119
844 1423 933 1489 seqq.
956 1428 963 1468 :

625 1504 669 1597 μὴ
689 1505 882 1598 προκάμητε
903 1505 993 1576 πόδα

427 1613 513 1704 βαρύ
535 1601 572 1685 τε
593 1623 714 1699 κῶλον,
737 1611 822 1686 ῶστε
844 1611 929 1706 πρὸς
950 1631 1111 1702 πετραῖον

428 1728 531 1804 λε’πας
552 1721 742 1814 ζοχοφόρον
764 1721 881 1793 πῶλον
901 1725 1080 1807 ἐξανδντες.

230 1834 354 1914 Quibus
376 1834 481 1900 verbis
515 1857 534 1899 a
563 1857 675 1900 senum
696 1835 923 1900 Thebanorum
954 1834 1049 1900 choro
1072 1833 1264 1919 Amphitryo
1287 1843 1320 1898 et

228 1943 364 2028 Megara
382 1953 561 2024 monentur,
584 1952 619 2008 ut
641 1945 715 2029 equi
735 1945 836 2008 instar
867 1943 971 2007 currui
999 1942 1174 2024 subiuncti3
1204 1943 1258 2027 qui
1286 1942 1318 2004 in

228 2062 370 2116 montem
393 2062 597 2137 praeruptum
620 2072 738 2135 magno
759 2050 870 2117 labore
891 2051 1031 2133 enititur,
1062 2071 1171 2134 omnes
1193 2049 1318 2114 calami·

229 2169 311 2226 tates
333 2159 505 2245 perferant.
549 2162 601 2224 De
623 2161 786 2224 celeritate
800 2180 905 2245 porro,
929 2180 992 2244 qua
1006 2159 1081 2242 iugo
1097 2158 1192 2222 soluti
1206 2160 1319 2241 vagari

228 2277 325 2352 atque
357 2269 476 2352 impetu
510 2267 682 2332 furibundo
715 2269 835 2332 irruere
868 2267 940 2352 equi
973 2267 1090 2348 solent,
1123 2265 1317 2350 comparatio

229 2376 347 2460 petitur
380 2374 484 2441 Orest.
507 2398 537 2440 v.
559 2376 602 2439 44
623 2397 699 2461 seq.,
733 2375 787 2440 ubi
820 2375 859 2440 de
889 2375 988 2439 fratre
1018 2395 1037 2438 a
1066 2373 1172 2437 Furiis
1201 2381 1318 2436 vexato

228 2482 307 2547 haec
329 2483 451 2568 profert
471 2483 601 2549 Electra
623 2507 631 2549 ε

627 2591 712 2658 ποτὲ
734 2591 769 2657 δὲ
791 2592 933 2676 δεμνίων
952 2581 1021 2656 άπο

428 2700 517 2790 πηδᾷ
539 2701 706 2787 δρομαῖος,
728 2704 843 2776 πῶλος
865 2690 910 2776 ῶς
931 2689 999 2765 α’πό
1022 2701 1131 2782 ζυγοῦ.

231 2805 303 2884 Quo
334 2805 390 2889 fit,
422 2817 458 2872 ut
487 2807 680 2874 bacchantes
702 2808 840 2873 feminae
860 2809 951 2893 ipsae
972 2827 1100 2892 quoque
1127 2825 1198 2868 cum
1229 2805 1317 2890 equis

230 2913 391 2978 effrenatis
406 2917 549 3001 aequasi
569 2917 692 2981 laetitia
713 2915 945 2980 exsultantibus
969 2921 1191 2998 comparentur
1201 2910 1317 2976 Bacch.

229 3041 259 3084 v.
283 3021 363 3086 1056
384 3043 481 3107 seq.:

426 3128 461 3196 ai
482 3131 510 3196 δ’
533 3129 728 3198 ἐκλιποῦσαι
749 3133 872 3197 ποικίλ’
893 3122 938 3208 ῶς
958 3134 1068 3196 πῶλοι
1089 3121 1169 3213 ζυγὰ

425 3242 584 3322 βακχεῖον
603 3229 808 3322 ἀντέκλαζον
828 3229 983 3325 άλλήλαις
1003 3237 1102 3322 μέλος

232 3352 328 3427 atquc
349 3345 468 3410 ibidem
488 3369 518 3410 v.
544 3348 603 3412 162
624 3367 713 3434 seqq.
738 3371 745 3410 ι

678 3446 822 3539 άδομένα
846 3455 873 3520 δ
894 3445 958 3540 άρα

429 3567 543 3639 πῶλος
564 3555 657 3640 ὅποος
676 3554 742 3648 ἅμα
762 3562 880 3648 ματέρι
901 3555 1043 3647 φορβάδι

430 3673 543 3736 κῶλον
564 3661 636 3755 dyst
656 3664 831 3754 ταχύπουν
851 3662 1043 3756 σκιρτήμασι
1063 3663 1178 3753 βάκχα.

231 3776 402 3844 Praeterea
426 3800 507 3864 equo
530 3780 575 3844 ita
596 3801 631 3844 se
653 3781 778 3863 gerenti
799 3779 951 3844 feminam
973 3777 1181 3842 bacchantem
1211 3797 1320 3861 parem

231 3887 307 3971 poni
329 3907 369 3950 ex
392 3887 532 3970 imagine
554 3889 786 3971 cognoscimus,
809 3908 891 3972 quae
913 3884 986 3951 Hel.
1009 3906 1038 3948 v.
1057 3884 1118 3950 543
1139 3907 1204 3970 seq.
1226 3885 1319 3949 nobis

231 3995 397 4058 occurrit:
819 4059 822 4073 ,

430 4092 493 4187 οὐχ
515 4093 560 4178 ῶς
582 4079 722 4188 δρομαία
743 4105 858 4177 πῶλος
879 4092 899 4186 ἢ
918 4095 1024 4186 βάκχη
1044 4105 1130 4166 θεοῦ

427 4203 527 4296 τάφῳ
548 4203 686 4294 ξυνάψω
707 4213 835 4287 κῶλον,·

230 4315 300 4382 Iam
325 4339 400 4382 vero
423 4319 566 4402 sequitur
587 4316 759 4383 similitudo
782 4316 937 4403 quaedam
952 4316 1141 4400 Aeschyleo,
1164 4337 1227 4400 qua
1244 4335 1317 4380 usus
