3220 5014
106 865 108 870 ·
227 851 235 891 l

812 461 854 534 56

730 555 927 563 --————---

282 669 316 735 in
337 667 398 732 hac
418 689 454 732 re
475 669 606 735 minime
627 677 742 752 potest.
776 665 931 753 Idemque
945 668 978 731 in
993 669 1138 734 oratione
1152 667 1235 732 illius
1250 664 1377 748 generis

282 775 476 859 imaginibus
498 775 685 841 exornanda
714 777 783 861 ipso
813 797 940 860 quoque
970 775 1128 860 Sophocle
1155 774 1287 838 inferior
1308 793 1378 836 esse

281 881 417 954 videtur.
461 881 547 948 Nam
578 885 656 948 satis
688 884 803 948 multas
832 883 874 948 ab
903 883 964 947 hoc
995 884 1247 968 comparationes
1275 890 1377 946 traus-
1485 897 1492 905 ·

282 990 482 1075 lationesque
511 989 551 1056 de
580 990 676 1055 rebus
704 991 765 1056 illis
792 990 977 1076 desumptas
1005 1013 1076 1054 esse
1102 1011 1207 1074 neque
1235 989 1378 1053 claritate

282 1118 387 1182 neque
408 1099 565 1162 suavitate
587 1108 742 1178 carentes,
763 1098 917 1183 exemplis
940 1099 995 1180 eis,
1018 1118 1100 1183 quae
1120 1095 1280 1162 Lueckius
1303 1118 1376 1160 enu-

281 1205 429 1287 meravit,
452 1205 700 1270 demonstratur.
743 1204 813 1270 Iam
836 1225 911 1270 vero
927 1207 954 1270 si
968 1227 1016 1288 ea,
1038 1226 1120 1289 quae
1134 1202 1218 1289 apud
1235 1203 1377 1288 Aeschy-

282 1312 348 1376 lum
369 1311 462 1376 nobis
485 1323 700 1394 occurrerunt,
723 1312 839 1377 similia
861 1335 932 1378 cum
947 1312 1133 1398 Sophocleis
1149 1332 1377 1397 comparamus,

283 1421 354 1505 quis
377 1429 426 1484 est
448 1422 502 1506 qui
523 1421 609 1485 hunc
629 1423 756 1506 penitus
787 1423 818 1486 in
847 1443 909 1504 res,
937 1443 1019 1506 quae
1045 1422 1108 1486 huc
1137 1421 1315 1505 pertinent,
1338 1441 1379 1482 se

283 1527 471 1610 insinuasse,
495 1528 583 1592 illum
606 1531 697 1614 quasi
718 1529 911 1613 primoribus
933 1529 1030 1594 labris
1053 1551 1107 1592 eas
1129 1529 1276 1611 attigisse
1306 1547 1378 1590 con-

283 1633 419 1699 tendat?
462 1635 546 1701 Nam
568 1636 629 1700 hoe
651 1635 779 1721 quidem
796 1648 918 1712 certum
933 1636 1068 1718 videtur,
1092 1637 1267 1719 imaginum
1288 1635 1379 1718 copia

283 1743 339 1805 vix
360 1743 496 1809 alterum
519 1744 559 1808 ab
581 1745 682 1810 altero
705 1746 856 1830 superari.
899 1744 975 1809 Alia
998 1756 1047 1810 est
1077 1745 1237 1830 quaestio,
1270 1763 1376 1827 quam·

284 1871 360 1914 nam
379 1851 536 1916 rationem
559 1863 694 1936 uterque
716 1863 812 1937 poeta
833 1862 959 1916 secutus
981 1854 1022 1918 sit
1045 1853 1078 1916 in
1106 1852 1167 1917 illis
1189 1872 1379 1936 componen-

287 1958 335 2022 dis
358 1979 488 2045 quoque
510 1961 640 2044 ingenio
662 1972 695 2024 et
715 1971 787 2024 arte
808 1961 871 2043 eis,
894 1981 976 2044 quae
998 1961 1121 2026 intento
1143 1960 1249 2024 animo
1272 1958 1377 2024 ohser-
1444 2019 1447 2023 .

285 2077 427 2149 vaverat,
448 2089 524 2131 usus
548 2069 590 2132 sit
603 2067 644 2132 ad
661 2069 837 2133 orationem
852 2067 1083 2134 illustrandam.
1126 2065 1241 2153 Neque
1262 2076 1379 2148 tamen,

286 2174 346 2238 etsi
377 2174 489 2238 eodem
519 2172 587 2240 fere
620 2175 725 2241 studio
759 2175 935 2261 eodemque
967 2197 1076 2244 amore
1104 2177 1135 2238 in
1165 2172 1380 2260 perpoliendis

286 2290 392 2366 atque,
414 2292 450 2347 nt
472 2284 517 2352 ita
537 2282 651 2366 dicam,
674 2283 897 2368 exsculpendis
912 2283 1104 2368 imaginibus
1121 2294 1291 2368 utrumque
1311 2305 1379 2346 ver·

287 2398 391 2454 satum
422 2411 491 2454 esse
521 2390 694 2474 concedas,
724 2391 871 2454 omnibus
904 2414 943 2456 ex
972 2392 1117 2476 partibus
1145 2393 1178 2455 in
1208 2389 1257 2454 his
1285 2390 1379 2455 rebus

286 2506 402 2582 poetae
432 2496 478 2568 illi
499 2499 583 2562 inter
604 2520 639 2564 se
661 2499 875 2564 consentiunt.
925 2498 1010 2566 Nam
1040 2521 1137 2564 unum
1160 2510 1266 2565 exstat
1287 2500 1382 2584 idque

286 2605 520 2688 gravissimum,
543 2626 605 2691 quo
627 2605 809 2692 Aeschylus
838 2630 858 2671 a
883 2606 1042 2692 Sophocle
1070 2607 1250 2672 abhorreat.
1295 2608 1380 2672 Dici·

285 2734 355 2777 mus
375 2722 484 2778 autern
506 2713 537 2784 id
561 2713 645 2800 quod
661 2714 828 2780 Tuohius*
848 2715 889 2780 de
909 2717 1067 2785 universis
1093 2737 1175 2800 quae
1193 2715 1277 2801 apud
1294 2716 1380 2780 illum

285 2821 490 2884 inveniuntur
525 2822 815 2906 comparationibus
856 2822 1183 2909 translationibusque
1214 2822 1381 2908 disputans

285 2949 326 2992 ex
349 2927 496 2992 omnihus
518 2928 585 2992 fere
607 2928 779 3012 generibus
801 2929 926 2994 elucere
948 2940 1013 2994 tam
1036 2930 1201 2995 evidenter
1221 2931 1381 3016 probavit,

284 3044 321 3099 ut
342 3036 419 3120 quin
441 3037 488 3099 ita
508 3058 559 3100 res
582 3058 616 3100 se
637 3036 756 3102 haheat
777 3038 833 3101 vix
852 3036 984 3102 dubium
1012 3038 1115 3102 videri
1143 3040 1254 3124 possit.
1298 3038 1381 3102 (lon-

286 3144 376 3211 venit
397 3145 481 3208 enim
504 3143 581 3208 mihi
604 3167 676 3210 cum
697 3145 761 3228 illo,
783 3145 976 3230 Sophoclem
1006 3168 1115 3211 earum
1143 3168 1267 3229 rerum,
1297 3145 1382 3211 unde

286 3252 443 3335 imagines
465 3252 687 3337 desumpserit,
717 3253 898 3320 universam
921 3264 1069 3318 naturam
1099 3255 1190 3338 quasi
1219 3255 1381 3340 pingendo

219 3419 225 3436 ,
258 3359 465 3443 effinxisse,
505 3359 702 3446 Aeschylum
731 3382 829 3425 unam
858 3362 1012 3447 imprimis
1042 3373 1168 3451 partem
1195 3362 1381 3444 excoluisse,

286 3469 425 3553 reliquas
446 3469 474 3532 si
496 3489 561 3533 non
583 3490 711 3553 prorsus
726 3470 908 3553 neglexisse
924 3479 958 3534 at
973 3492 1085 3555 parum
1102 3479 1210 3535 tamen
1224 3471 1383 3534 rationem

287 3597 395 3640 earum
417 3575 576 3640 habuisse.
625 3575 756 3641 Etenim
784 3575 971 3660 diligentius
1002 3579 1029 3641 si
1058 3579 1261 3663 perspexeris
1290 3578 1382 3642 huius

285 3693 401 3768 poetae
423 3684 669 3768 translationes,
697 3685 729 3749 id
751 3687 923 3771 praecipue
945 3709 985 3750 ex
1007 3680 1093 3751 omni
1114 3709 1149 3751 re
1170 3709 1242 3751 eum
1264 3687 1383 3770 eligere

255 3829 259 3842 =
288 3811 473 3874 cognosces,
496 3811 559 3876 quo
578 3791 659 3855 tales
675 3791 897 3857 similitudines
913 3793 1098 3876 efficiantur,
1123 3793 1238 3878 quibus
1253 3793 1381 3858 audien·

216 3916 259 3935 ¹
287 3899 368 3964 tium
390 3900 488 3962 animi
509 3898 736 3983 perturbentur
756 3922 794 3963 ac
816 3911 938 3965 terrore
958 3901 1145 3966 afficiantur.
1189 3903 1298 3980 Quare
1318 3900 1381 3986 ple·

287 4025 421 4091 rumque
448 4006 568 4072 bestias
595 4018 743 4072 cruentas
773 4029 844 4072 eum
873 4008 1086 4093 depinguere,
1116 4029 1199 4094 quae
1228 4009 1384 4073 dilanient

356 4263 430 4316 lDe
453 4265 581 4332 Aeschyli
606 4266 720 4331 figurata
746 4266 904 4317 elocutione.
948 4267 1038 4332 Progr.
1058 4267 1082 4316 (1.
1103 4267 1198 4333 Gymn.
1218 4284 1250 4317 au
1271 4268 1382 4318 Witteu-

288 4353 353 4420 berg
374 4355 446 4404 1869.
