3220 5014
725 492 776 556 aa

201 691 443 756 translationem
465 694 668 758 coniunctam
691 713 761 756 esse
782 690 965 756 addendum
981 701 1030 756 est
1049 690 1089 756 de
1102 713 1180 757 voce
1194 692 1299 780 θέρος

200 801 349 886 petitam,
379 801 466 863 cuius
493 821 569 864 usus
601 799 836 884 metaphorieus
866 795 961 863 etiam
989 799 1151 883 Euripidis
1180 799 1296 866 Bacch.

200 929 230 970 v.
257 907 331 971 1027
357 915 471 971 exstat.
522 905 659 974 Accedit
689 909 824 971 alterum
856 906 945 970 verbi
976 907 1058 971 illius
1089 909 1297 992 compositum

201 1007 331 1099 διαμάσσ
359 1014 400 1077 ab
431 1012 542 1077 eodem
573 1025 668 1098 poeta
695 1013 747 1078 El.
775 1035 804 1075 v.
832 1015 909 1078 1023
936 1024 1132 1098 usurpatum.
1182 1014 1297 1100 Neque

201 1119 411 1190 omittendum
434 1129 483 1185 est
504 1121 741 1212 substantivum
756 1111 876 1204 ἄμαλα,
899 1119 984 1206 quod
1001 1120 1084 1206 apud
1100 1121 1297 1207 Aeschylum

201 1229 240 1293 fr.
255 1228 317 1294 212
339 1227 504 1293 inventum
527 1230 682 1314 imprimis
704 1238 922 1314 praestantem
944 1229 1186 1295 translationem
1208 1237 1298 1315 prae'·

202 1337 265 1401 bet.
308 1336 460 1421 Explicat
482 1337 566 1400 enim
587 1333 788 1420 Hesychius,
819 1337 868 1399 cui
900 1335 1090 1401 vocabulum
1112 1336 1296 1404 debemus:

200 1435 326 1528 ἄμαλα·
349 1437 411 1529 τὴν
431 1447 523 1523 ναῦν,
546 1431 613 1509 ἀπὸ
636 1447 699 1509 τοῦ
719 1433 808 1527 α”ρᾶα
828 1437 890 1528 τὴν
910 1434 993 1509 ἅλα·
1015 1439 1180 1528 Αἰσχύλος
1200 1448 1295 1530 Πρω-

199 1566 253 1618 τεῖ
281 1556 457 1637 σατυρικῷ.
513 1549 585 1630 Qua
613 1553 880 1636 interpretatione
910 1552 1026 1616 collata
1057 1553 1153 1616 etiam
1183 1553 1294 1639 Suppl.

200 1683 229 1724 v.
252 1661 312 1726 842
341 1671 372 1724 et
403 1661 463 1724 847
492 1670 580 1724 recte
611 1660 816 1724 Hermannus
847 1658 899 1724 ἐπ’
921 1650 1030 1744 ripula
1059 1682 1118 1744 pro
1141 1658 1294 1744 ἐπαμίδα,

201 1767 285 1853 quod
307 1770 460 1854 scriptum
479 1770 612 1851 invenit,
634 1770 812 1833 restituisse
826 1767 962 1833 ridetur.
1006 1764 1133 1832 Deinde
1154 1767 1195 1832 de
1216 1790 1295 1833 voce

200 1875 254 1940 illa
274 1876 376 1961 θέρος
399 1876 579 1940 derivatum
602 1875 736 1941 verbum
757 1877 906 1962 θερίζειν
927 1876 990 1940 huc
1010 1875 1214 1940 referendum
1236 1885 1294 1959 est,

200 1983 285 2070 quod
317 1983 401 2069 apud
435 1983 631 2070 Aeschylum
664 1984 757 2049 nohis
790 1985 927 2049 occurrit
958 1985 1074 2068 Agam.
1107 2005 1137 2047 v.
1168 1983 1230 2048 536
1263 1993 1295 2047 et

200 2090 311 2178 Suppl.
333 2114 364 2156 r.
386 2093 458 2175 636,
481 2093 566 2176 apud
590 2091 775 2177 Euripidem
798 2091 909 2176 Suppl.
933 2112 961 2156 v.
985 2091 1054 2174 717,
1077 2091 1115 2156 fr.
1138 2091 1200 2155 419
1222 2113 1252 2154 v.
1264 2095 1294 2174 5,

198 2200 237 2263 fr.
261 2201 321 2264 tat
344 2223 374 2264 v,
397 2203 426 2280 b,
449 2201 503 2285 qui
526 2209 692 2283 praeterea
714 2201 891 2283 composita
910 2201 1077 2284 usurpavit
1098 2188 1294 2284 ἄποθερίζα

198 2306 270 2372 Ηεί.
294 2329 324 2370 v.
352 2308 429 2372 1188
451 2317 483 2372 et
504 2305 669 2391 ἐκθερίζω
691 2307 729 2370 fr.
753 2307 823 2371 374.
867 2307 1017 2392 Denique
1044 2307 1106 2371 huc
1131 2308 1294 2392 pertinent

198 2414 355 2481 vocabula
376 2415 529 2482 nonnulla
550 2412 590 2478 de
611 2436 691 2479 voce
705 2407 814 2492 λωτὸς
829 2415 983 2496 derivata,
1006 2436 1069 2499 qua
1084 2414 1184 2478 herba
1198 2436 1292 2499 quae-

199 2522 273 2587 dam
300 2522 514 2606 significatur,
549 2543 631 2609 quae
664 2524 696 2586 in
725 2521 864 2588 Graecia
894 2531 926 2586 et
956 2523 989 2586 in
1015 2521 1132 2586 Troiae
1161 2521 1294 2606 planitie

198 2630 399 2696 nascebatur.
432 2631 579 2695 Dicimus
602 2641 708 2695 autem
731 2631 868 2715 primum
884 2630 1121 2694 substantivum
1135 2623 1292 2715 λώτισμα,

198 2739 283 2824 quod
305 2740 433 2824 proprie
455 2738 494 2802 de
514 2738 593 2802 flore
615 2738 698 2802 illius
729 2738 849 2803 herbae
879 2748 1050 2823 usurpatur
1079 2748 1190 2823 atque,
1221 2759 1293 2802 cum

197 2847 378 2930 plantarum
400 2847 675 2931 praestantissima
696 2867 770 2930 pars
792 2846 924 2910 floribus
947 2847 1157 2929 contineatur,
1187 2844 1228 2909 ad
1251 2844 1293 2928 id,

198 2953 283 3039 quod
299 2955 332 3018 in
347 2975 474 3038 quaque
487 2976 522 3017 re
538 2955 850 3038 praestantissimum
865 2964 923 3036 est,
946 2954 1148 3019 transfertur.
1185 2953 1294 3033 Quare

198 3061 239 3125 ab
253 3060 417 3147 Hesychia
434 3063 631 3147 explicatur:
651 3056 818 3146 λώτισμα·
842 3060 874 3128 οἱ
895 3067 1035 3147 πρῶτοι,
1059 3057 1091 3126 οἱ
1113 3061 1291 3127 ἐπίλεκτοι.

198 3167 270 3247 Quo
293 3191 387 3234 sensu
409 3170 589 3254 praeditum
610 3171 696 3256 apud
719 3171 906 3256 Euripidem
935 3169 996 3233 hoc
1025 3168 1216 3232 vocabulum
1245 3169 1292 3232 in·

197 3279 358 3359 venimus,
402 3279 457 3363 qui
488 3278 560 3342 Hel.
594 3300 623 3342 v.
648 3279 729 3343 1593
761 3277 944 3343 Menelaum
976 3276 1075 3341 Troia
1105 3274 1293 3341 redeuntem

197 3385 320 3450 itineris
343 3387 473 3450 comites
496 3386 712 3472 alloquentem
735 3385 812 3450 facit
835 3410 843 3450 ε

546 3479 574 3558 ὦ
594 3497 652 3580 γῆς
669 3484 824 3570 Ἑλλάδος
845 3495 1045 3577 λωτίσματα.

197 3599 339 3665 Verbum
371 3601 487 3666 deinde
516 3602 734 3683 levigabitur,
770 3600 855 3685 quod
877 3600 918 3665 de
949 3622 986 3664 eo
1017 3601 1144 3683 proprie
1166 3597 1291 3678 dicitur,

197 3709 251 3793 qui
266 3707 385 3774 herbae
400 3709 483 3773 illius
498 3708 592 3773 flores
611 3707 754 3794 decerpit
779 3708 835 3792 (cf.
852 3707 1009 3792 Hesychii
1024 3707 1290 3793 explicationem:

196 3817 367 3899 λωτίςειν·
391 3805 655 3898 ἄπανθίζεσθαι)
667 3866 675 3899 ,
710 3817 863 3880 translate
891 3825 1078 3901 usurpatum
1108 3815 1192 3880 idem
1223 3814 1292 3878 fere

195 3925 282 3989 valet
303 3934 401 4010 atque
429 3925 584 4008 optimum
614 3924 764 4010 quodque
791 3947 831 3988 ex
860 3925 968 4009 aliqua
995 3946 1030 3988 re
1059 3925 1187 4008 eligere.
1240 3922 1292 3988 lta

195 4031 294 4114 igitur
325 4030 542 4115 intellegenda
574 4040 667 4115 sunt,
707 4052 789 4116 quas
830 4031 913 4115 apud
948 4030 1145 4116 Aeschylum
1177 4030 1289 4116 Suppl.

194 4159 225 4200 v.
248 4139 309 4203 962
330 4161 396 4224 seq.
418 4140 569 4222 leguntur
591 4163 598 4202 :

394 4239 528 4311 τούτων
548 4238 590 4311 τὰ
612 4250 724 4330 λῷστα
745 4248 801 4311 καὶ
822 4239 864 4311 τὰ
886 4246 1119 4331 θυμηδέστατα

394 4347 544 4439 πάρεστι,
566 4355 764 4419 λωτίσασθε.
