3220 5014
712 469 753 534 69

183 681 306 764 bemus,
329 702 391 767 quo
415 682 610 768 comparatio
634 690 767 768 spectet,
788 682 835 746 ita
856 682 994 768 explicat
1017 707 1024 748 ε
1048 681 1080 749 οἱ
1107 685 1185 770 περὶ
1212 708 1275 771 την

183 792 344 858 Σικελίαν
371 795 607 868 κατοικοῦντες
635 780 827 877 ἀσχέδωρον
857 796 995 859 καλοῦσι
1028 785 1090 858 τὸν
1120 786 1273 879 σεάγρον.

182 892 348 983 Αἰσχύλος
378 903 461 984 γοῦν
488 898 525 965 ἐν
554 901 693 985 Φορκίσι
723 892 935 986 παρεικάζων
968 893 1031 966 τόν
1058 901 1188 986 Περσέα
1224 905 1275 986 τῷ

182 997 288 1094 ἀγρίῳ
309 1007 364 1073 συί·
382 1025 490 1094 φησιν.

383 1111 440 1182 ἔδυ
460 1115 488 1181 δ’
510 1113 544 1191 ἐς
564 1105 691 1200 ἀντρον
711 1103 902 1200 ἀσχέδωρος
922 1106 976 1192 ὥς.

184 1221 235 1286 De
258 1222 377 1288 ferocia
398 1224 511 1308 igitur,
542 1232 673 1309 propter
704 1243 798 1308 quam
829 1244 899 1287 cum
921 1244 999 1308 apro
1022 1223 1160 1288 conferri
1181 1246 1275 1309 posse

184 1331 320 1396 Perseus
341 1331 478 1415 videtur,
500 1333 607 1415 imago
630 1330 798 1415 desumpta
819 1340 876 1395 est.
929 1332 1038 1417 Atque
1065 1331 1107 1396 ob
1140 1331 1275 1397 eandem

184 1461 310 1503 causam
332 1431 470 1525 κάπρος,
493 1460 555 1526 quo
578 1438 662 1504 idem
685 1460 763 1523 aper
785 1439 993 1523 significatur,
1015 1438 1056 1504 ab
1071 1439 1226 1526 Euripide
1241 1442 1274 1504 in

182 1549 454 1633 comparationem
486 1556 619 1613 vocatur
652 1546 758 1613 Orest.
792 1569 821 1610 v.
854 1547 937 1612 1460
966 1569 1072 1633 seqq.,
1105 1547 1177 1628 uhi,
1211 1568 1273 1632 quo

182 1655 277 1720 modo
299 1654 339 1719 ad
363 1653 653 1740 Clytaemnestram
674 1653 926 1719 interficiendam
943 1654 1075 1720 Orestes
1090 1665 1122 1720 et
1136 1654 1274 1740 Pylades

182 1786 217 1829 se
238 1762 434 1850 paraverint,
455 1784 566 1827 servus
588 1761 717 1847 quidam
741 1760 902 1846 Phrygius
929 1761 978 1826 his
1006 1762 1113 1828 verbis
1134 1772 1273 1828 narrat:

382 1861 428 1948 ὡς
448 1863 574 1956 κάπροι
596 1871 625 1937 δ’
648 1859 819 1957 ὀρέστεροι
839 1894 893 1955 γυ

381 1972 497 2056 ναικός
517 1968 629 2046 ἀντίοι
650 1979 833 2056 σταθέντες

380 2085 565 2170 ἐννέπουσι,
587 2092 760 2165 κατθανεί,

379 2201 553 2275 κατθανεῑ,
575 2187 679 2271 κακός
700 2195 728 2260 σ’
752 2182 937 2260 ἀποκτενεῖ
954 2187 1060 2271 πόσις.

185 2304 357 2369 Praeterea
371 2303 412 2368 ad
428 2324 566 2389 capram,
588 2324 671 2389 quae
685 2301 752 2367 deis
767 2302 923 2367 immolari
939 2302 1027 2386 solet,
1050 2311 1173 2388 spectat
1190 2324 1273 2372 eom-

181 2413 315 2500 paratio,
339 2433 434 2498 quam
457 2412 609 2496 Aeschyli
632 2412 748 2496 Agam.
771 2433 800 2476 v.
823 2411 882 2476 231
907 2432 994 2498 seqq.
1017 2411 1189 2495 habemus,
1219 2410 1275 2475 uhi

182 2519 223 2585 de
250 2519 510 2604 Agamemnone,
540 2520 595 2606 qui
623 2518 825 2606 Iphigeniam
855 2519 953 2585 filiam
982 2521 1134 2585 ministris
1163 2521 1273 2585 immo-

182 2627 310 2694 landam
332 2627 474 2712 tradidit,
496 2628 576 2696 haec
595 2628 731 2712 legimus
755 2652 762 2692 :

380 2729 507 2822 φράσεν
529 2735 558 2800 δ
579 2724 694 2818 ἀόζοις
714 2728 824 2820 πατὴρ
842 2735 913 2820 μετ’
934 2724 1037 2819 εόχόιν

379 2844 474 2909 δίκαν
492 2843 646 2928 χιμαίρας
667 2833 797 2927 ὕπερθε
818 2846 935 2928 βωμοῦ

379 2951 537 3018 πέπλοισι
558 2953 721 3036 περιπετέ
744 2950 847 3016 παντὶ
868 2953 980 3036 θυμῷ

379 3061 546 3145 προνωπῆ
566 3061 681 3139 λαβεῖν
702 3047 832 3143 ἀέρδην.

181 3166 234 3232 Ex
255 3166 409 3252 Euripide
436 3166 573 3253 denique
604 3165 666 3230 huc
695 3165 858 3231 afferenda
885 3175 976 3249 sunt,
1006 3186 1088 3251 quae
1118 3163 1273 3231 Androm.

180 3297 211 3339 v.
232 3275 292 3341 ὁδί
315 3297 381 3362 seq.
404 3284 533 3340 exstant
554 3275 601 3339 ita
622 3297 774 3361 expressa
795 3296 802 3337 :

484 3374 634 3468 όπαρνος
655 3375 718 3468 γάρ
739 3405 791 3459 τις
812 3369 857 3459 ὣς
878 3371 1065 3448 ἀπόλλυσαι

379 3481 473 3576 ἡμῶν
493 3480 655 3557 ἀπόντων
675 3493 738 3557 τοῦ
758 3513 796 3556 τε
817 3491 935 3576 κυρίου
957 3490 1066 3556 σέθεν.

182 3596 306 3676 Quibus
327 3599 434 3665 verbis
455 3597 720 3682 Andromachen,
749 3619 845 3684 quam
866 3619 931 3663 una
952 3618 1024 3663 cum
1044 3595 1186 3662 Molosso
1207 3597 1273 3661 filio

181 3705 433 3780 interficiendam
448 3729 518 3772 esse
532 3706 697 3772 Menelaus
712 3708 813 3791 iussit,
836 3707 905 3772 ovis
924 3708 1034 3791 instar,
1056 3727 1138 3792 quae
1152 3705 1273 3793 pullum

181 3813 332 3879 uberibus
352 3815 427 3898 alat,
449 3824 584 3880 mortem
606 3814 696 3880 obire
717 3814 832 3880 Peleus
856 3815 1069 3900 conqueritur.

262 3922 399 3988 Restant
419 3923 593 4008 imagines,
623 3944 706 4010 quae
736 3922 776 3988 de
807 3945 885 3988 cane
915 3924 1046 4009 eiusque
1077 3929 1192 3987 natura
1218 3919 1271 3984 de·

181 4039 326 4115 sumptae
357 4040 441 4096 sunt.
495 4033 545 4095 Ac
580 4032 717 4117 primum
745 4030 873 4116 quidem
903 4051 1167 4096 commemorasse
1195 4030 1271 4093 satis

181 4135 335 4202 habemus
349 4138 449 4203 verba
464 4141 601 4218 σαίνειν,
614 4141 842 4224 παρασαίνειν,
863 4140 1087 4225 προσσαίνειν,
1110 4159 1181 4202 cum
1203 4137 1269 4222 qui·

182 4244 241 4309 bus
266 4244 448 4311 blandiendi
470 4247 558 4311 notio
580 4247 627 4310 ita
648 4247 818 4311 coniuncta
838 4257 896 4330 est,
919 4257 955 4311 ut
976 4246 1016 4312 de
1037 4267 1116 4311 cane
1137 4243 1271 4309 caudam

184 4353 353 4419 motitante
369 4355 540 4440 imaginem
556 4354 734 4440 profectam
749 4377 819 4420 esse
833 4358 888 4420 vix
909 4356 972 4420 iam
987 4355 1099 4419 sentiri
1117 4352 1271 4419 videatur.
