3220 5014
821 427 864 492 54

291 630 402 714 Atque
423 650 494 693 cum
513 628 549 711 is,
572 627 628 714 qni
642 626 736 692 flores
751 625 895 711 decerpit
910 625 962 690 vel
976 624 1147 709 abrumpit,
1169 647 1189 689 a
1211 626 1322 710 planta
1335 648 1389 690 eas

291 737 450 820 seiungat,
471 737 543 802 loco
564 733 704 821 quodam
724 732 899 818 Euripiden
928 734 1139 818 compositum
1166 722 1389 817 οἷπολωτλζειν

293 846 339 910 ita
370 853 558 929 usurpatur,
591 852 627 907 ut
659 842 817 907 violenter
847 839 992 926 rapiendi
1025 842 1189 906 notionem
1222 852 1318 927 atque
1350 841 1390 907 de

293 953 400 1037 priore
432 953 502 1017 loco
535 948 740 1034 disiungendi
771 949 823 1013 vel
855 947 1034 1013 deducendi
1065 949 1211 1032 accipiat.
1264 948 1389 1014 Pendet

293 1068 402 1124 autem
423 1059 594 1142 genetivus
615 1057 656 1121 ab
679 1057 739 1121 hoc
760 1055 870 1136 verbo,
893 1057 1012 1141 quippe
1033 1055 1119 1140 quod
1141 1077 1213 1120 cnm
1228 1058 1387 1141 praeposi·

294 1168 381 1232 tione
399 1155 468 1231 οἶπὸ
491 1166 702 1249 compositum
724 1166 773 1229 sit.
818 1161 887 1228 lam
921 1164 1020 1246 igitur
1050 1163 1180 1228 dubium
1202 1163 1303 1229 videri
1325 1185 1389 1228 non

292 1283 418 1360 potest,
448 1273 524 1358 qnid
554 1273 661 1337 valeat
689 1273 777 1336 locus
804 1271 858 1337 ille
887 1269 958 1356 Iph.
982 1271 1055 1336 Aul.
1078 1293 1108 1334 v.
1131 1272 1190 1336 791
1216 1292 1304 1356 seqq.
1335 1294 1387 1336 ex-

293 1393 393 1464 stans,
416 1380 471 1445 ubi
492 1381 577 1445 huuc
599 1381 631 1444 in
653 1380 781 1445 modum
804 1381 836 1444 in
852 1377 950 1444 Ττοία
972 1379 1050 1443 urbe
1071 1401 1091 1442 a
1105 1380 1240 1445 Graecis
1259 1380 1390 1444 obsessa

292 1490 441 1554 mulieres
463 1488 693 1553 lamentatores
715 1509 786 1552 ease
807 1486 921 1552 chorus
944 1486 1110 1552 contendit
1133 1511 1139 1551 :

543 1598 594 1672 τῖς
615 1587 679 1682 ἄρα
700 1597 733 1681 μ’
756 1585 973 1681 εὐπλοκάμου
992 1588 1098 1681 κόμας

542 1701 645 1788 ἔρυμα
667 1696 830 1788 δακρυόεν
851 1702 1013 1788 πατρίδος

543 1800 705 1896 ὀλομένας
725 1800 917 1877 ἀπολωτιεῖ.

291 1918 447 2005 Idemque
469 1917 604 1984 verbum
625 1920 779 1984 translate
800 1929 987 2004 usurpatum
1002 1918 1087 2004 apud
1103 1919 1238 1984 eundem
1256 1929 1389 2007 poetam

293 2027 454 2091 invenitur
475 2027 544 2091 loco
566 2026 620 2090 illo
643 2025 755 2112 Suppl.
777 2048 807 2090 v.
829 2027 890 2091 447
913 2048 980 2112 seq.
1004 2035 1169 2109 exstante,
1201 2047 1295 2111 quem
1324 2028 1388 2092 iam

292 2135 414 2219 supra*
437 2135 754 2199 commemoravimus
777 2158 785 2198 ε

490 2246 565 2318 πῶς
587 2227 650 2307 οὖν
672 2239 718 2307 ἔτ’
740 2233 782 2307 ἂν
803 2242 924 2327 γένοιτ’
946 2233 989 2306 ἂν
1010 2235 1126 2326 ἰσχυρὰ
1146 2235 1254 2319 πόλις,

491 2341 577 2416 ὅταν
599 2373 649 2427 τις
671 2340 717 2426 ὡς
739 2353 901 2435 λειμῶνος
922 2339 1040 2435 ἠρινοῦ
1060 2343 1184 2433 στάχυν
1243 2379 1247 2388 ·

493 2451 619 2542 τόλμας
639 2446 764 2544 α’φαιρῇ
786 2459 1002 2540 καπολοοτίζη
1022 2457 1120 2534 νέους
1131 2480 1139 2535 ;

376 2563 506 2629 Paucae
534 2574 659 2629 restant
689 2566 864 2649 imagines,
898 2586 981 2650 quae
1013 2586 1084 2629 cum
1118 2564 1179 2629 illis
1212 2565 1389 2650 comparari

292 2680 437 2756 possunt,
470 2692 549 2757 quas
582 2673 616 2736 in
634 2671 712 2744 ,fine
739 2674 855 2758 prioris
884 2673 1160 2738 commentationis
1190 2695 1267 2740 suae
1288 2675 1389 2759 partis

292 2777 453 2844 Lucckius
477 2779 653 2845 collocavit.
704 2781 814 2866 Atque
841 2803 881 2846 ex
910 2781 1065 2866 Euripide
1095 2781 1224 2867 quidem
1252 2784 1389 2868 primum

293 2885 356 2950 huc
376 2886 565 2951 referendus
588 2897 637 2952 est
658 2887 755 2971 locus,
777 2890 832 2974 qui
853 2887 933 2953 Hec.
957 2909 986 2952 v.
1008 2889 1070 2954 398
1093 2900 1229 2956 exstet:

493 2985 593 3079 ὅμοια
614 2988 727 3072 κισσὸς
748 2989 848 3081 δρυὸς
869 2987 963 3074 ὅπως
983 2997 1073 3083 epod
1096 2993 1218 3083 ἕξομαι.

293 3100 418 3182 Quibus
439 3101 547 3167 verbis
562 3101 707 3186 Hecuba,
729 3113 766 3168 ut
786 3103 905 3169 hedera
926 3125 1078 3189 quercum
1094 3107 1212 3189 cingat,
1235 3106 1281 3169 ita
1294 3104 1388 3190 Poly·

293 3230 411 3274 xenam
431 3208 540 3292 filiam,
562 3232 604 3275 ne
625 3232 645 3275 a
666 3211 812 3294 Graccis,
835 3212 889 3297 qui
911 3213 944 3274 in
959 3211 1093 3277 Achillis
1111 3213 1256 3298 sepulcro
1279 3214 1388 3276 immo·

292 3316 421 3382 landam
443 3337 513 3381 eam
536 3319 783 3399 constituerant,
813 3317 873 3382 sibi
903 3320 1075 3404 eripiatur,
1105 3321 1220 3385 validis
1252 3319 1389 3385 brachiis

293 3447 328 3489 se
349 3423 570 3510 amplexuram
592 3447 663 3490 esse
678 3425 851 3490 contendit.
895 3424 1023 3492 Similis
1037 3427 1145 3510 imago
1163 3426 1246 3492 Med.
1262 3449 1291 3490 v.
1311 3427 1390 3492 1213

293 3555 360 3619 seq.
384 3533 594 3599 continetur:

493 3641 697 3725 προοελχεθ’,
719 3632 805 3707 ὥστε
826 3635 939 3719 κισσὸς
961 3639 1089 3728 ἔρνεσιν
1110 3637 1246 3731 δάφνης,

492 3754 645 3817 λεπτοῖσι
666 3750 819 3830 πέπλοις,
842 3743 934 3816 δεινὰ
957 3751 985 3817 d'
1006 3737 1047 3837 ἦν
1067 3752 1289 3837 παλαίσματα.
1393 3813 1396 3816 .

293 3856 422 3923 Dicitur
442 3859 528 3922 enim
550 3858 665 3941 Creon,
687 3857 743 3922 ubi
764 3857 863 3923 filiam
884 3860 1051 3945 amplexus
1080 3860 1122 3923 sit
1149 3869 1307 3924 venenato
1336 3859 1388 3924 illo

292 3967 485 4032 vestimento
507 3965 661 4049 indutam,
684 3987 780 4052 quam
801 3987 822 4030 a
842 3965 959 4032 Medea
980 3975 1157 4052 acceperat,
1186 3965 1323 4031 hederae
1342 3967 1386 4031 in·

293 4083 371 4157 star,
394 4094 477 4158 quae
497 4074 622 4138 laurum
645 4075 829 4158 circumdet,
858 4096 930 4139 cum
951 4075 1005 4139 illa
1027 4075 1216 4139 coniunctus
1237 4073 1336 4138 fuisse
1357 4082 1390 4138 et

296 4231 494 4242 ιὺ--

360 4313 377 4346 *
394 4315 433 4366 Of.
452 4331 511 4382 pag.
530 4321 572 4369 42.
