3220 5014
847 413 889 480 88

767 501 963 512 -ι--ι-ι--ι

325 615 659 702 rumam:

473 723 519 801 εἰς
541 717 582 788 ol’
603 711 746 808 άνάγκης
766 714 917 806 ζεύγματ’
938 712 1210 806 ἐμπεπτώκαμεν,

324 829 451 896 Heracl.
473 853 504 894 v.
526 829 588 896 885
609 851 675 915 seq.
698 853 706 894 ι
1194 895 1196 900 ,

472 927 514 1004 ου>
532 931 597 1023 μὴν
618 931 738 1004 ἑκόντα
759 937 788 1022 γ’
809 926 924 1015 αὐτὸν,
945 925 1031 1002 ἀλλὰ
1052 929 1139 1022 πρὸς
1158 937 1235 1017 βίαν

472 1043 572 1129 igue?
593 1034 727 1130 α’νάγιιῃ.

323 1154 437 1239 Neque
468 1155 571 1237 magis
598 1153 639 1216 ab
667 1153 729 1218 illis
757 1151 927 1234 recedunt,
965 1172 1047 1237 quae
1075 1150 1253 1236 Aeschylus
1281 1151 1408 1237 scripsit

322 1262 439 1346 Agsm.
461 1283 491 1324 v.
516 1261 592 1325 1071
618 1284 626 1325 :

472 1367 592 1435 εἲιιοοδ
613 1357 738 1454 ἀνάγκῃ
757 1369 835 1452 τῇδε
856 1367 1005 1435 καίνισον
1024 1360 1133 1453 ζυγόν,

324 1479 373 1542 cui
394 1478 464 1542 loco
486 1477 663 1542 simillimus
685 1487 736 1542 est
756 1477 862 1542 Prcm.
884 1499 915 1542 v.
940 1476 999 1542 108
1020 1500 1028 1541 :

617 1574 775 1670 άνάγκαις
796 1585 900 1651 ταῑσδ
922 1582 1112 1669 ἐνέζευγμαι
1132 1576 1235 1660 τάλας

322 1692 470 1779 idemque
491 1695 607 1776 Agam.
629 1715 661 1758 v.
682 1692 743 1758 218
764 1717 772 1759 :

469 1800 543 1868 ἐπεὶ
564 1802 592 1867 δ
614 1791 759 1886 άνάγιισις
780 1799 838 1867 ἔδυ
857 1801 1032 1879 λέπαδνον,

321 1909 384 1974 nisi
415 1909 500 1994 quod
529 1909 590 1974 hcc
616 1910 687 1975 lccc
718 1908 886 1975 λέπαδνον
920 1907 1074 1973 habemus
1106 1907 1192 1972 idem
1222 1904 1406 1989 significans

324 2016 410 2103 quod
432 2010 541 2102 ζυγόν.
585 2017 756 2083 Praeterea
775 2016 838 2082 huc
865 2017 1005 2102 pertinet
1025 2016 1131 2081 Prcm.
1153 2037 1182 2079 v.
1204 2015 1264 2084 571
1286 2036 1374 2101 seqq.
1398 2037 1405 2078 :

666 2127 700 2191 τί
719 2126 806 2192 ποτέ
824 2126 857 2210 μ’
879 2111 907 2190 ὦ
927 2118 1050 2211 Κρόνιε

469 2247 541 2314 παι,
562 2234 595 2299 vl
614 2257 699 2300 ποτε
720 2234 825 2301 ταῖσδ
846 2232 1015 2317 ἐνέζευξας
1036 2222 1087 2298 εὖ·

471 2334 541 2429 cciv
561 2333 773 2428 ἁμαρτοῦσαν
794 2341 831 2408 έν
850 2334 1056 2428 πημοσύναις

323 2460 420 2537 atque
440 2451 479 2516 fr.
501 2450 559 2515 311
584 2473 591 2514 ε

472 2547 561 2624 ὃποῦ
580 2550 644 2643 γάρ
664 2556 755 2641 ’ίσχος
775 2561 950 2642 συζυγοῦσι
969 2557 1025 2622 καὶ
1045 2557 1128 2642 δίκη,
1205 2593 1209 2600 -

469 2666 551 2732 ποία
572 2666 711 2752 ξυνωρὶς
733 2666 830 2751 τῆσδε
851 2658 1101 2751 καρτερώτερα;

323 2769 394 2850 Quo
416 2773 485 2837 loco
507 2794 578 2838 cum
599 2783 765 2859 practerea
785 2773 967 2838 inveniatur
986 2771 1175 2836 vccabulum
1196 2771 1344 2854 ξυνωρὶς,
1372 2767 1404 2832 id

323 2881 425 2964 ipsum
447 2900 572 2965 quoque
594 2879 634 2944 de
654 2881 837 2945 animalium
858 2881 1088 2962 communione,
1110 2899 1191 2963 qnae
1211 2879 1287 2962 iugc
1310 2875 1403 2942 effici·

322 2997 383 3071 tur,
405 2987 582 3073 profectum
605 3010 675 3053 esse
697 2988 1006 3054 commemorandum
1027 2997 1086 3054 est.
1127 2985 1198 3052 Iam
1211 2987 1308 3070 igitur
1323 2994 1404 3050 cete·

321 3116 374 3160 ros
397 3116 522 3181 quoque
543 3097 629 3161 locos
650 3096 712 3161 huc
733 3095 830 3161 affere
851 3097 953 3180 liceat,
976 3095 1089 3182 quibus
1104 3094 1245 3161 eiusdem
1259 3092 1404 3160 vocabuli

320 3223 411 3266 usum
443 3203 692 3289 metaphoricum
723 3204 885 3269 habemus.
949 3205 1058 3290 Atque
1089 3225 1129 3268 cx
1159 3201 1313 3287 Euripide
1343 3201 1405 3266 huc
1434 3269 1438 3278 ,

321 3310 489 3375 referenda
509 3321 584 3377 sunt
599 3311 705 3396 verba,
729 3333 811 3398 quae
824 3312 910 3378 Med.
926 3334 955 3377 v.
974 3313 1053 3376 1145
1071 3323 1224 3397 usurpata
1244 3310 1286 3378 ad
1305 3311 1405 3396 ipsius

320 3417 453 3484 Medeae
473 3418 590 3484 liberos
611 3431 758 3505 spectent
779 3445 787 3486 z

468 3527 548 3613 πρὶν
567 3527 628 3612 μὲν
647 3528 775 3594 τέκνοιν
795 3533 865 3596 σῶν
886 3528 1017 3596 εἰσιδεῖν
1037 3529 1211 3616 ξονορΙδα.

322 3633 507 3719 Eodemque
529 3635 633 3719 modo,
656 3657 738 3721 quaa
757 3637 878 3702 Phoen.
901 3659 931 3702 v.
954 3638 1036 3704 1085
1054 3639 1205 3722 leguntur
1227 3659 1235 3701 ι

469 3746 508 3826 ζῇ
530 3760 582 3808 σοι
601 3746 740 3830 ξυνωρὶς
760 3743 793 3823 ἐς
813 3738 884 3810 τόδ
904 3735 1026 3831 ἡμέρας
1045 3746 1181 3830 τέκνων,
1241 3791 1244 3800 ·

322 3848 362 3916 dc
384 3849 559 3936 Oedipodis
581 3861 614 3916 et
633 3852 780 3918 locastae
799 3853 871 3918 filiis
894 3854 1052 3938 dicuntur,
1073 3856 1127 3940 qui
1142 3864 1176 3919 et
1188 3855 1250 3940 ipsi
1264 3851 1403 3918 eiusdem

321 3956 448 4022 fabulae
487 3979 516 4023 v.
542 3959 620 4025 1818
659 3951 814 4038 εὔτεκνος
850 3964 990 4048 ξυνωρὶς
1021 3983 1041 4026 a
1071 3973 1163 4048 patre
1195 3962 1403 4048 appellantur.

319 4065 433 4129 Restat
460 4064 547 4130 locus
577 4065 767 4152 Euripideus
788 4067 905 4134 Bacch.
927 4090 959 4134 v,
978 4069 1057 4153 324,
1085 4090 1148 4155 quo
1178 4068 1277 4134 verba
1302 4060 1404 4133 πολιὰ

320 4173 459 4258 ξυνωρὶς
479 4195 499 4237 a
519 4171 644 4239 Tiresia
672 4176 877 4260 proferuntur
909 4177 948 4242 de
979 4179 1048 4262 ipso
1081 4199 1151 4243 cum
1180 4176 1301 4242 Cadmo
1330 4196 1402 4240 con·

320 4281 426 4349 iuncto
449 4292 610 4371 usurpata.
654 4283 780 4354 Deinde
802 4284 953 4376 Aeschyli
970 4286 1085 4376 Agma.
1101 4307 1130 4351 v.
1146 4285 1207 4357 643
1228 4284 1403 4354 laudandus
