3220 5014
627 449 635 464 ·
711 431 758 498 23:

192 635 260 719 lyto
287 655 317 696 u.
342 633 420 720 1147
453 631 745 699 commemorandus
776 641 841 712 eet,
870 632 925 697 ubi
957 627 1103 718 σοζδγιοι
1134 628 1278 720 Χάριτες

193 741 353 823 dictatur,
376 740 493 826 quippe
514 763 597 826 quee
622 742 740 806 artiore
769 741 906 827 quedam
935 743 1167 808 necessitudine
1193 744 1279 807 inter

192 871 227 914 ee
259 850 447 912 coniunctae
478 850 551 913 rint.
614 848 814 933 Eaedemque
855 870 926 912 curn
959 848 1059 914 Muris
1092 851 1282 915 coniunctae·

191 947 330 1022 ἁδίσταν
343 958 498 1040 ξυζογίαν
512 967 608 1044 poete
623 956 764 1042 appellat
776 955 871 1020 Herc.
884 957 955 1038 fun,
971 957 1059 1020 cuius
1074 978 1103 1019 v.
1116 957 1177 1022 673
1186 979 1274 1042 seqq.

193 1064 272 1130 haec
291 1064 426 1147 legimus
448 1087 455 1128 ε

487 1160 528 1236 οὐ
548 1165 717 1255 παύσομαι
737 1165 797 1250 τὰς
819 1165 967 1258 Χάριτας

487 1272 638 1356 Μούσαις
658 1273 923 1366 ξαγκαταμιγνδς,

486 1376 623 1452 ἁδίσταν
642 1389 804 1472 ξυςογίαν.

192 1494 261 1559 Nec
282 1495 416 1559 multum
437 1494 655 1559 diverterunt
677 1495 718 1559 ab
750 1495 814 1579 hie,
846 1518 928 1581 quae
948 1495 1065 1560 Troed.
1086 1519 1116 1561 r.
1138 1497 1200 1561 924
1229 1498 1274 1560 irr-

191 1604 390 1668 veniuntur:

360 1707 466 1797 έκρινε
487 1704 624 1796 τρισσὸν
644 1715 758 1796 ζεῦγος
779 1701 836 1777 ὅδε
856 1715 999 1796 τρισσῶν
1017 1714 1111 1776 θεῶν

191 1817 231 1883 de
253 1817 368 1882 Paride
389 1819 483 1902 dicta,
506 1820 556 1883 cui
577 1830 736 1884 certamen
759 1818 995 1884 diiudicandum
1016 1829 1085 1884 eret
1105 1820 1189 1883 inter
1209 1827 1274 1883 tree

190 1925 261 1990 illae
281 1924 357 1990 dece
378 1936 493 2010 crtum,
515 1927 630 2012 quibu·
652 1927 736 1991 idem
752 1927 921 2011 Euripides
943 1926 1015 1991 Hel.
1031 1949 1061 1990 v.
1076 1927 1135 1992 357
1158 1948 1275 1991 numen

192 2033 279 2098 dedit
300 2029 465 2120 τριζύγοις
486 2040 605 2101 θεαῖσι.
648 2035 785 2102 Accedit
805 2035 882 2102 illud
903 2039 1020 2119 ζεῦγος
1047 2028 1275 2120 τραιάρθενον

190 2143 229 2208 fr.
251 2144 313 2208 359
333 2144 528 2227 usurpatum,
550 2142 604 2206 ubi
626 2143 723 2207 schol.
747 2145 839 2208 Aret.
867 2143 924 2206 172
951 2143 1088 2227 explicet
1109 2167 1116 2206 ι
1139 2132 1275 2227 Εὐριπί-

191 2252 248 2337 δης
267 2251 329 2336 μὲν
358 2236 419 2316 civ
440 2249 476 2314 ἐν
497 2240 645 2336 Ἐρεχθεῖ
670 2244 730 2326 τὰς
750 2239 931 2335 Ἐρεχθέως
958 2249 1144 2336 θυγατέρας
1160 2240 1275 2326 ‘liuidae

191 2361 269 2444 φησὶ
290 2359 446 2443 γενέσθαι
467 2371 557 2444 τρεῖς
578 2344 687 2434 oddag.
730 2359 841 2443 Atque
867 2357 908 2424 fn
928 2355 990 2422 775
1020 2357 1095 2443 quid
1117 2356 1275 2440 significet

190 2471 353 2551 τριπλοῦν
373 2471 497 2552 ζεῦγος,
519 2467 595 2551 ipsis
617 2465 724 2530 verbis
746 2465 931 2549 explicetur,
953 2487 1036 2551 quae
1053 2464 1128 2530 inde
1149 2487 1169 2530 a
1189 2487 1218 2530 v.
1234 2466 1275 2530 53

191 2576 236 2638 ite
257 2595 408 2659 expressa
428 2583 503 2638 sunt
524 2597 532 2638 ι

388 2670 458 2747 dtt’
481 2673 537 2748 ride
558 2673 622 2767 γὰρ
642 2673 682 2765 δὴ
701 2674 854 2762 βασιλεὺς
874 2673 941 2766 πρὸ
964 2673 1078 2764 δόμων

387 2781 490 2874 κῆρύξ
510 2789 545 2853 θ’
567 2781 732 2874 deoderici
751 2800 830 2864 παῖς
852 2787 998 2854 Φαέθων

387 2897 547 2979 βαίνουσι,
568 2900 731 2979 τριπλοῦν
751 2899 874 2980 μέρος.

191 3001 374 3089 Sequuntur
395 3024 477 3089 qnae
498 3003 653 3067 Androm.
674 3025 705 3068 v.
727 3003 790 3068 494
810 3024 898 3089 seqq.
920 3002 1055 3085 legimur
1077 3025 1087 3066 ι

387 3105 525 3196 καὶμὴν
546 3110 654 3195 έοορῶ
673 3105 751 3177 τόδε
772 3104 958 3197 σέγκρατον
1041 3159 1045 3166 -

388 3224 503 3305 ζεῦγος
516 3213 592 3306 ’πρὸ
614 3213 727 3304 δόμων

387 3332 491 3413 ψηφῶ
510 3321 665 3394 θανάτου
685 3327 974 3412 κατακεκριμένον,

191 3434 246 3498 ubi
267 3434 366 3499 verba
385 3429 464 3500 τόδε
486 3429 671 3520 σύγκρατον
693 3439 808 3521 ζεῦγος
828 3434 869 3500 ud
885 3433 1130 3500 Andromachen
1145 3432 1275 3515 eiurque

191 3542 290 3608 filium
310 3541 484 3607 Molossum
505 3552 658 3626 spectent,
683 3564 762 3628 quoe
785 3543 944 3608 communi
964 3549 1067 3605 morte
1081 3539 1273 3620 coniungeu·

192 3648 249 3713 doe
270 3671 338 3714 eree
365 3651 655 3715 constitutum-eet.
709 3649 916 3736 Eandemque
946 3659 1064 3714 certem
1094 3668 1164 3712 cum
1193 3645 1274 3709 Her-

191 3757 268 3821 culis
300 3767 390 3842 peter
422 3758 551 3842 eiusque
583 3757 699 3822 coniux
732 3766 764 3823 et
798 3757 890 3822 liberi
922 3757 1059 3838 obeunt,
1074 3754 1185 3820 ¹Herc.
1213 3753 1273 3817 fur.

192 3885 220 3926 v.
242 3864 304 3928 454
325 3887 390 3950 eeq.
412 3863 472 3928 hoc
494 3863 588 3928 modo
610 3863 745 3948 Megara
767 3866 1000 3949 conqueritur:

339 3958 367 4037 ui
388 3971 486 4051 τέκν’,
507 3961 660 4056 ιῖγόμεθα
680 3976 795 4057 ζεῦγος
818 3963 859 4037 οὐ
879 3965 984 4038 καλὸν
1005 3975 1142 4056 νεκρῶν,

340 4071 425 4164 ὁμοῦ
444 4080 599 4165 γέροντος
618 4082 674 4146 καὶ
694 4082 765 4147 νέοι
785 4082 841 4146 καί
859 4074 1005 4166 μήτερες.

193 4187 301 4273 Atque
323 4210 363 4252 ex
383 4188 494 4253 eadem
515 4188 624 4254 fabule
646 4190 708 4254 huc
729 4189 891 4255 aii'erenda
912 4197 960 4254 est
981 4187 1162 4269 similitudo,
1194 4201 1276 4270 quae

193 4316 222 4358 v.
247 4296 326 4361 1403
348 4306 462 4380 exstet,
485 4297 540 4362 ubi
561 4292 677 4383 ζεῦγός
697 4321 734 4383 γε
755 4299 868 4381 φίλων
890 4319 960 4364 curu
982 4295 1106 4362 Theseo
1129 4294 1273 4358 coniunc-
