3220 5014
847 440 889 506 34

319 638 360 706 ad
382 640 527 706 homines
546 651 703 727 spectant,
732 643 786 728 qui
808 641 942 725 linguis,
973 651 1009 706 ut
1036 643 1081 706 ita
1110 643 1270 727 dicamus,
1301 643 1408 708 frenos

318 749 436 844 inicerq
463 750 532 814 sive
561 771 614 814 eas
642 749 807 814 continere
837 749 991 814 nesciunt.
1045 751 1155 835 Atque
1185 751 1281 816 etiam
1312 751 1346 815 in
1374 771 1408 814 re

319 857 478 941 coniugali
500 858 541 922 ab
563 856 719 941 Euripide
748 857 864 922 similia
884 859 961 924 satis
984 858 1152 944 perspicua
1172 858 1212 921 dc
1242 858 1332 922 freno
1354 880 1406 944 pe·

318 965 378 1030 tita
399 985 469 1029 esse
491 964 656 1048 intelleges
678 965 730 1030 vel
752 987 793 1029 ex
814 966 863 1049 iis,
886 986 968 1051 quae
989 965 1028 1029 fr.
1043 965 1105 1030 466
1126 966 1185 1030 tibi
1207 976 1378 1030 occurrunt
1399 989 1407 1029 ε

517 1061 558 1138 ου’
577 1065 640 1157 γάρ
660 1073 739 1138 ποτ’
761 1062 865 1157 ἄνδρα
886 1066 948 1138 τὸν
968 1066 1078 1154 σοφὸν
1098 1073 1228 1157 γυναικὶ
1247 1066 1307 1158 χρᾶ

517 1180 635 1246 δοῦναι
654 1174 812 1264 χαλινοὺς
833 1170 904 1246 οὐδ’
926 1169 1041 1262 ἀφέντ’
1063 1179 1123 1246 ἐᾶν
1142 1193 1287 1266 κρατεῖν,

317 1305 369 1370 vel
391 1327 431 1370 ex
451 1305 500 1389 iis,
523 1327 606 1391 quae
627 1305 782 1371 Androm.
804 1329 834 1372 v.
860 1307 918 1370 177
940 1328 1007 1392 seq.
1029 1307 1209 1390 leguntur:
1311 1323 1313 1330 “

537 1476 540 1483 .
912 1403 991 1480 οὐδὲ
1012 1408 1074 1500 γὰρ
1095 1403 1200 1481 καλὸν

514 1521 609 1588 δυοῖν
629 1534 803 1606 γυναικοῖν
823 1512 917 1607 ἄνδρ’
940 1517 985 1587 ἕν’
1006 1513 1100 1607 ἡνίας
1122 1519 1216 1607 ἔχειν.

316 1626 414 1693 Idem¹
429 1630 523 1712 enim,
553 1638 651 1714 atque
678 1622 831 1714 χαλινὸς,
861 1629 947 1695 valet
980 1628 1170 1694 vocabulum
1198 1619 1292 1714 ἡνία,
1323 1628 1408 1713 quod

318 1745 484 1821 praeterea
506 1736 629 1830 fr.·413
649 1737 829 1802 invenimus
852 1761 859 1802 :

514 1846 587 1930 μῆτΙ
610 1834 794 1930 εὐτυχοῦσα
815 1850 928 1912 πᾶσαν
947 1836 1045 1932 ἡνίαν
1063 1839 1158 1931 χάλα,

317 2183 462 2249 Tertium
483 2183 570 2270 quod
591 2182 947 2250 habemusvocahulum
970 2188 1100 2252 notione
1121 2185 1204 2251 freni
1218 2184 1407 2271 praeditum,
1459 2233 1461 2238 ,
1579 2189 1580 2256 l

317 2285 456 2376 στόμιον
474 2301 532 2376 est,
554 2291 639 2379 quod
656 2294 873 2379 metaphorice
889 2294 1008 2359 dictum
1022 2294 1120 2359 semel
1139 2294 1223 2381 apud
1239 2304 1408 2378 utrumque

316 2410 444 2484 poetam
473 2399 567 2464 nobis
601 2403 747 2465 occurrit.
791 2402 841 2466 Ac
863 2402 969 2466 verbis
990 2401 1128 2487 quidem,
1151 2424 1233 2490 quae
1255 2400 1408 2486 Aeschyli

316 2508 435 2590 Agam.
458 2528 488 2572 v.
514 2507 570 2572 131
596 2528 684 2594 seqq.
708 2517 866 2573 exstant:

467 2627 541 2698 οἷον
560 2625 604 2718 μα’
625 2657 676 2710 τις
697 2623 761 2699 ἄτα
783 2627 913 2700 θεόθεν
933 2627 1081 2718 κνεφάορ
1101 2657 1225 2720 aputu

465 2739 530 2806 μὲν
551 2734 689 2825 στόμιον
709 2741 791 2826 μέγα
817 2743 944 2827 Τροίας,

318 2867 476 2931 exercitus
499 2864 643 2932 Graecus
666 2887 818 2950 magnum
839 2866 957 2932 Troiae
979 2866 1105 2932 frenum
1125 2876 1268 2951 vocatur,
1291 2867 1408 2952 quippe

319 2975 382 3060 qui,
404 2983 440 3039 ut
461 2974 587 3040 frenum
610 2977 683 3060 equi
704 2985 861 3058 naturam,
884 2976 930 3042 ita
947 2974 1034 3040 urbis
1049 2975 1131 3040 illius
1149 2977 1213 3041 vim
1230 2974 1407 3060 infregerit.

318 3081 369 3146 Ex
391 3081 546 3167 Euripide
567 3091 675 3147 autem
696 3081 758 3146 huc
778 3082 958 3148 afferendus
981 3092 1029 3148 est
1049 3083 1120 3170 Iph.
1142 3078 1239 3149 Taur.
1263 3105 1293 3148 v.
1316 3083 1406 3148 935:

517 3197 601 3274 ὥσθ’
623 3201 786 3294 αἱματηρὰ
809 3202 916 3293 στόμι’
937 3206 1136 3292 ἐπεμβαλεῖν
1157 3206 1240 3294 ἐμοὶ,

319 3353 400 3419 quae
421 3331 520 3397 verba
546 3331 712 3399 de'Furiis
734 3331 898 3417 dicuntur,
927 3355 948 3398 a
968 3333 1083 3420 quihus
1104 3335 1195 3418 quasi
1217 3333 1315 3398 frenis
1336 3355 1408 3398 san·

318 3441 445 3524 guineis
474 3439 536 3505 sihi
565 3441 689 3506 iniectis
718 3441 877 3525 agitatum
904 3462 940 3505 se
967 3462 1037 3506 esse
1070 3440 1203 3508 Orestes
1234 3439 1408 3506 contendit.

318 3547 469 3615 Visidam
490 3547 605 3614 deinde
626 3569 664 3612 ao
683 3547 877 3614 luculentam
897 3546 982 3633 apud
1003 3547 1200 3633 Aeschylum
1229 3549 1407 3614 translatio·

317 3677 392 3722 nem
412 3655 565 3722 habemus
588 3654 731 3742 Ohoeph.
753 3677 784 3720 v.
809 3655 889 3722 1022
910 3677 987 3742 seq,
1008 3655 1062 3720 uhi
1084 3655 1210 3722 verba:

238 3765 249 3802 ²
516 3753 629 3848 ὥσπερ
650 3757 710 3844 ξὺν
731 3760 848 3840 ἵπποις
867 3753 1082 3849 ἡνιοστροφῶ
1102 3757 1229 3848 δρόμον

518 3869 674 3955 ἐξωτέρω

318 3979 359 4043 ab
381 3977 493 4043 eodem
515 3977 633 4044 Oreste
652 3977 873 4063 proferuntur,
905 3999 1001 4063 quem
1030 3977 1094 4044 iam
1114 3977 1233 4044 Furiae
1261 3979 1408 4064 persequi

318 4087 482 4172 incipiunt.
526 4085 596 4151 Nec
618 4083 870 4171 praetereundae
901 4094 975 4150 sunt
996 4085 1221 4150 translationes
1252 4085 1408 4171 quaedam

319 4194 359 4258 ab
382 4191 554 4279 equitando
576 4193 751 4278 profectae,
773 4195 807 4258 in
827 4192 944 4279 quibus
963 4195 1049 4278 apud
1063 4193 1259 4278 Aeschylum
1281 4191 1408 4279 quidem

316 4301 449 4366 verbum
469 4293 676 4383 καθιππάζω
698 4301 765 4366 sive
780 4294 1050 4385 καθιππάςομαι,
1073 4301 1158 4387 quod
1173 4323 1255 4387 equo
1270 4302 1408 4388 aliquem
