3220 5014
759 433 800 500 47

230 640 263 704 in
283 637 401 718 fabula,
424 655 521 722 quam
539 633 635 702 modo
657 635 990 720 commemoravimus,
1012 635 1068 702 ubi
1088 659 1118 702 v.
1138 638 1205 706 412
1226 661 1318 726 seqq.

231 745 373 831 undique
394 744 538 829 perfecta
558 745 666 828 imago
688 744 734 809 ite
755 763 908 829 expressa
928 753 976 808 est
999 768 1006 807 :

377 858 537 938 σπαρτῶν
557 853 586 918 (ί
606 843 663 919 ἀπ’
685 842 827 938 ἀνδρῶν,
848 836 897 918 ῶν
921 843 1011 938 Ἄρης
1032 852 1199 935 ἐφείσατο,

376 958 489 1048 ῥίζωμ’
510 949 648 1039 α’νεῑται,
670 954 778 1046 κάρτα
798 960 827 1025 d'
850 956 915 1027 ἐστ’
936 955 1103 1047 ἐγχώριος,

374 1062 606 1146 Μελάνιππος.

232 1176 301 1242 Iam
321 1176 503 1242 afferendae
524 1186 599 1242 sunt
619 1176 711 1242 huius
732 1177 860 1261 generis
888 1175 1062 1262 imagines,
1098 1177 1212 1263 quibus
1233 1177 1324 1243 Enri-

232 1285 320 1372 pides
341 1307 417 1350 usus
440 1295 496 1352 est.
540 1283 637 1371 Apud
668 1307 762 1371 quem
791 1285 875 1352 hunc
896 1286 1051 1371 imprimis
1082 1285 1228 1352 vocabuli
1250 1284 1323 1373 ῥίζα

232 1394 473 1459 translationem
495 1394 574 1480 setis
594 1393 796 1479 perspicuam
817 1393 1008 1477 invenimus,
1030 1396 1143 1479 queis
1164 1393 1322 1478 significa·

231 1509 293 1581 tur,
314 1523 335 1566 a
354 1522 419 1587 quo
442 1501 513 1586 quis
536 1501 694 1584 originem
715 1499 852 1566 deducit.
895 1499 948 1565 De
968 1499 1050 1566 lone
1077 1502 1194 1586 igitur,
1223 1504 1322 1589 Apol·

231 1607 304 1676 linis
326 1618 359 1674 et
381 1607 521 1674 Creusae
541 1607 617 1693 filio,
638 1593 830 1674 vocabulum
850 1607 928 1674 illud
949 1619 1136 1696 usurpatur,
1165 1612 1324 1696 quippea
1386 1685 1389 1692 ‚

234 1738 295 1802 qno
326 1727 477 1802 quattuor
504 1715 622 1784 liberos
643 1717 781 1782 orituros
803 1737 874 1782 esse
901 1715 1035 1782 dicatur.
1091 1717 1211 1784 Exstat
1238 1719 1323 1784 enim

234 1825 330 1910 locus,
352 1845 448 1910 quem
468 1824 614 1909 dicimus,
635 1824 706 1891 lon.
728 1846 758 1890 v.
784 1826 864 1892 roto
885 1847 950 1911 seq.
972 1827 1019 1892 ita
1040 1847 1211 1912 expressus
1233 1849 1241 1891 ε

825 1931 858 1998 ol
878 1933 980 2000 τοῦδε
999 1926 1062 2018 γὰρ

394 2039 512 2116 παῖδες
531 2032 706 2124 γενόμενοι
725 2040 882 2126 τέσσαρες
903 2037 993 2128 ῥίζης
1014 2044 1100 2125 μιᾶς.

231 2145 442 2233 Eundemque
462 2169 555 2212 usum
576 2146 730 2214 habemns
751 2147 822 2233 Iph.
844 2147 943 2213 Taur.
966 2170 995 2213 v.
1017 2149 1079 2214 609
1100 2170 1167 2235 seq.
1190 2174 1198 2215 :

396 2241 425 2322 ῶ
445 2255 518 2341 λῆμ’
539 2245 685 2342 ἄριστον,
708 2246 754 2333 ῶς
775 2245 834 2322 ἄπ’
856 2245 1013 2342 εὐγενοῦς
1032 2279 1125 2334 τινος

394 2360 484 2449 ῥίζης
503 2363 656 2446 πέφυκας
676 2377 749 2442 τοῖς
770 2365 881 2447 φίλοις
902 2365 932 2429 τ’
954 2354 1069 2452 ὀρθῶς
1089 2366 1199 2448 φίλος,

232 2469 347 2557 quibus
368 2471 474 2537 verbis
495 2470 666 2558 Iphigenia
685 2473 855 2558 ignorans,
885 2494 957 2538 cnm
985 2472 1085 2538 fratre
1114 2495 1149 2539 se
1176 2473 1322 2559 colloqui,

206 2569 209 2576 ’
233 2578 356 2645 Orestis
378 2580 610 2665 ingenuitatem
631 2580 749 2664 laudat,
773 2591 904 2666 propter
925 2603 1022 2667 quam
1042 2604 1063 2646 a
1076 2591 1169 2668 patre
1183 2583 1322 2666 ingenuo

231 2709 304 2752 eum
335 2698 530 2774 prognatum
561 2711 631 2756 esse
662 2699 764 2774 putat.
826 2688 943 2774 Neque
974 2699 1082 2755 tamen
1113 2690 1323 2756 animantium

232 2795 334 2866 solum
354 2805 600 2882 procreatorem,
621 2795 677 2862 sed
700 2797 797 2862 etism
817 2816 924 2862 rernm
939 2817 1019 2882 quas
1034 2795 1168 2864 dicimus
1180 2797 1321 2863 abstrac-

231 2911 336 2968 tarum
357 2906 514 2990 originem
535 2905 603 2970 sive
623 2903 746 2970 iontem
766 2900 861 2988 ῥίζαν
881 2903 1037 2990 appellari
1067 2923 1107 2968 ex
1128 2903 1168 2969 ir.
1190 2904 1253 2970 904
1275 2905 1321 2970 in·

231 3011 403 3098 tellegitnr,
427 3014 514 3077 cuins
534 3034 565 3075 v.
587 3012 607 3076 9
629 3034 719 3098 seqq.
742 3012 821 3077 haec
843 3012 1023 3096 leguntur:

436 3121 573 3207 πέμψον
592 3119 655 3205 μὲν
677 3123 749 3203 φῶς
769 3123 878 3205 ψυχῆς
898 3117 1023 3206 ἐνέρων

435 3242 507 3306 τοῖς
526 3227 743 3313 βουλομένοις
764 3219 893 3303 ἄθλους
913 3232 1106 3314 προμαθεῖν

434 3329 548 3402 πόθεν
570 3333 740 3417 ἔβλαστον,
761 3335 812 3410 τίς
833 3331 907 3420 ῥίζα
927 3338 1051 3400 κακῶν.

232 3441 343 3510 Restat
364 3442 554 3509 vocabulum
573 3436 771 3529 πρόρριζος,
802 3442 887 3528 quod
916 3442 1068 3508 radicitus
1089 3444 1157 3507 sive
1179 3441 1322 3508 funditus

232 3549 326 3634 valet,
347 3547 446 3636 Hipp.
468 3573 498 3616 v.
519 3551 582 3616 683
602 3572 668 3637 seq.
691 3561 880 3636 usurpatum
902 3574 909 3616 :

627 3651 710 3736 Ζεύς
730 3659 759 3726 o
781 3647 799 3724 ὃ
822 3649 991 3746 γεννίγιωρ
1012 3653 1092 3745 ἐμὸς

435 3760 620 3855 πρόρριζον
641 3767 842 3853 ἐκτρίψειεν,
864 3756 1009 3846 σι’τάσας
1029 3770 1119 3856 πυρί.

232 3872 286 3938 Ad
307 3893 403 3960 qnam
424 3875 551 3960 quidem
574 3875 795 3961 metaphoram
815 3896 916 3960 prope
936 3875 1059 3942 accedit
1076 3875 1224 3941 vocabuli
1244 3898 1321 3962 πρε-

230 3975 370 4065 μνόθεν,
393 3983 479 4069 qnod
498 4006 520 4049 a
539 3985 640 4069 stirpe
660 3984 789 4068 proprie
810 3980 988 4067 significat,
1019 4005 1093 4049 usus
1114 3984 1321 4069 Aeschyleus.

231 4086 417 4156 Invenimus
439 4093 525 4158 enim
547 4113 619 4156 cum
647 4089 757 4173 verbo,
779 4089 865 4175 qnod
886 4091 1092 4174 exstinguere
1112 4092 1207 4174 velet,
1229 4112 1322 4158 voea-

232 4193 341 4262 bulum
369 4198 447 4264 illud
479 4202 693 4281 coniunctum,
726 4219 767 4264 ex
800 4218 863 4282 quo
895 4197 1039 4264 funditus
1068 4199 1223 4285 perdendi
1253 4201 1323 4264 sive

231 4305 396 4372 evertendi
418 4309 505 4373 notio
528 4308 648 4375 evadit.
690 4306 832 4372 Exstant
853 4315 959 4372 autem
990 4305 1052 4372 dno
1081 4306 1173 4372 huius
1195 4307 1322 4392 generis
