3220 5014
756 478 798 546 bb

225 681 316 768 quasi
337 681 383 746 ita
404 681 569 764 coaluisse,
591 691 627 746 ut
648 677 756 746 divelli
777 679 818 746 ab
840 701 878 746 ea
899 703 967 746 non
989 691 1107 768 posset.
1152 682 1324 747 Praeterea

225 810 308 874 quae
329 788 470 854 eiusdem
493 787 622 854 fabulae
643 811 672 853 v.
700 789 779 854 1200
802 811 867 876 seq.
890 791 1072 874 leguntur:

374 890 493 980 σάρκες
515 897 543 962 δ’
565 887 625 962 ἄπ’
647 886 786 976 ὀστέων,
808 888 895 963 ὥστε
916 891 1078 962 πεύκινον
1099 889 1213 982 δάκρυ,

375 1009 540 1088 γναθμοῑς
560 993 695 1089 ἀδήλοις
717 997 903 1088 φαρμάκων
924 994 1101 1089 ἀπέρρεον,

224 1112 355 1176 intentis
377 1111 476 1175 oeulis
498 1111 556 1176 has
587 1133 639 1176 res
661 1121 790 1196 poetam
811 1111 1001 1175 observasse
1024 1121 1193 1176 testantur.
1238 1110 1323 1176 Nam

225 1221 344 1306 piceae,
368 1218 492 1282 arboris
510 1220 683 1301 resinosae,
706 1230 853 1283 naturam
872 1219 1002 1283 minime
1020 1219 1049 1283 ei
1065 1220 1210 1302 ignotam
1224 1219 1324 1284 fuisse

226 1349 265 1393 ex
278 1326 339 1391 hao
355 1328 595 1412 comparatione
607 1327 727 1412 optime
738 1325 943 1411 intellegitur.
966 1327 1018 1391 Ex
1028 1327 1190 1413 Aeschylo
1205 1337 1322 1411 autem,

226 1457 297 1500 cum
318 1436 446 1520 plenam
469 1435 555 1499 illam
577 1445 675 1520 atque
695 1435 888 1499 luculentam
905 1435 1088 1518 imaginem,
1112 1436 1322 1521 quaeAgam.

225 1564 254 1607 v.
267 1544 328 1607 966
340 1563 406 1628 seq.
422 1552 538 1624 exstat,
560 1542 615 1606 ubi
636 1542 678 1606 de
699 1541 846 1606 vocabuli
861 1538 936 1626 ῥίζα
957 1563 1015 1606 usu
1039 1544 1196 1607 translato
1216 1542 1322 1628 dispu-

225 1652 380 1732 tavimus,
411 1651 474 1714 iam
505 1651 721 1733 attulerimus,
743 1651 901 1736 reliquum
923 1661 989 1734 est,
1018 1661 1053 1716 nt
1083 1650 1322 1715 similitudinem

227 1759 455 1842 adiungamus,
486 1780 550 1845 qua
579 1757 674 1822 homo
696 1757 887 1844 pergrandis
908 1769 986 1822 natu
1009 1780 1081 1822 cum
1102 1758 1217 1823 arbore
1238 1779 1322 1823 com·

226 1875 374 1951 paratur,
408 1867 496 1930 cuius
524 1865 614 1929 frons
644 1875 798 1930 autumno
839 1867 903 1930 iam
942 1877 1095 1951 provecto
1126 1885 1324 1931 marcescere

227 1974 348 2059 incipit.
390 1973 559 2039 Invenitur
580 1985 687 2038 autem
705 1973 803 2057 locus,
827 1994 922 2059 quem
943 1973 1089 2058 dicimus,
1111 1974 1228 2060 Agam.
1239 1995 1269 2038 v.
1282 1975 1323 2039 79

225 2102 345 2168 seqq.:

423 2178 442 2254 ὁ
465 2189 493 2254 δ’
515 2179 721 2275 ὑπέργηρως,
743 2182 912 2271 φυλλάδος
932 2179 994 2275 ἤδη

423 2297 731 2382 κατακαρφομένης,
752 2297 916 2381 τρίποδας
935 2296 998 2381 μὲν
1018 2287 1119 2373 ὁδοὺς

423 2406 554 2489 στείχει.

224 2509 443 2596 Respiciamus
466 2511 616 2598 denique,
638 2532 720 2597 qnae
742 2510 862 2577 ibidem
883 2533 913 2577 v.
928 2512 991 2576 970
1009 2532 1076 2597 seq.
1098 2511 1192 2576 nobis
1213 2531 1321 2576 occur·

224 2629 329 2684 runt:

424 2718 507 2792 ὅταν
528 2727 564 2793 dl
586 2721 687 2812 τεύχῃ
709 2720 794 2805 Ζεὺς
813 2717 872 2793 ἄπ’
893 2718 1046 2812 ὄμφακος
1068 2732 1190 2814 πικρᾶς

424 2831 527 2902 οἶνον.

225 2942 350 3021 Quibus
371 2943 488 3027 verbis,
510 2965 581 3008 cum
604 2945 736 3009 aestatis
759 2945 865 3010 calore
885 2939 1031 3028 Iuppiter
1060 2965 1101 3007 ex
1121 2942 1241 3007 acerba
1259 2961 1324 3006 uva

225 3051 334 3113 vinum
356 3061 511 3134 procreet,
534 3050 617 3115 illius
631 3053 708 3115 anni
723 3053 876 3137 temporis
891 3052 1055 3116 notionem
1071 3059 1168 3135 poeta
1190 3046 1322 3114 circum-

225 3157 344 3222 scribit.
382 3157 572 3223 .'Pranslatio
599 3169 707 3224 autem
736 3161 796 3224 etsi
825 3159 917 3224 abest
946 3158 986 3222 ab
1019 3157 1180 3240 hocloco,
1204 3167 1321 3241 tamen,

225 3286 296 3330 cum
317 3267 388 3351 ipse
408 3287 536 3352 quoque
557 3277 709 3348 testetur,
740 3288 803 3353 quo
835 3267 940 3331 studio
969 3266 1152 3352 plantarum
1173 3275 1321 3330 naturam

224 3373 480 3457 cognoscendam
496 3373 677 3458 Aeschylus
699 3374 761 3439 sibi
782 3375 994 3459 proposuerit,
1017 3373 1134 3457 dignus
1149 3395 1219 3437 esse
1233 3367 1320 3437 vide-

225 3491 285 3565 tur,
308 3502 403 3567 quem
424 3482 642 3567 respiciamus.

305 3587 376 3653 lam
407 3610 483 3653 vero
517 3611 590 3655 cum
623 3609 735 3654 omnes
766 3590 865 3654 totius
906 3589 1034 3674 generis
1065 3589 1320 3674 comparationes

222 3698 511 3783 translationesque
532 3699 564 3762 in
587 3707 761 3782 conspectu
782 3698 862 3781 sint,
892 3697 953 3761 hoc
983 3697 1120 3782 primum
1149 3694 1320 3760 dicendum

224 3805 294 3888 erit,
308 3825 367 3890 pro
382 3805 562 3869 fabularum
578 3826 710 3870 numero
725 3806 891 3890 aliquanto
907 3804 1070 3869 uberiores
1090 3803 1132 3869 ab
1147 3801 1318 3888 Aeschylo,
1343 3831 1355 3878 g

223 3933 319 3997 quam
340 3912 382 3976 ab
404 3911 558 3997 Euripide
588 3913 744 3996 imagines
775 3923 945 3997 usurpatas
976 3933 1054 3976 esse.
1098 3911 1213 3997 Neque
1234 3912 1319 3975 enim

223 4019 460 4104 neglegendum
482 4031 540 4104 est,
563 4019 656 4084 huius
677 4018 918 4105 septemdecim,
941 4020 1024 4084 illius
1046 4029 1169 4104 septem
1191 4029 1316 4102 tragoe-

224 4127 293 4192 dias
314 4127 426 4192 tulisse
446 4138 595 4193 aetatem.
639 4127 748 4206 Quare
762 4126 944 4212 Euripides,
968 4129 1028 4192 etsi
1042 4128 1211 4213 aliquoties
1226 4147 1317 4210 supe·

224 4256 296 4299 rare
317 4234 514 4320 Aeschylum
535 4234 682 4300 videatur
703 4235 851 4299 similium
874 4235 975 4320 copia,
997 4245 1115 4318 tamen,
1146 4255 1218 4298 oum
1239 4233 1318 4298 haec

224 4342 324 4406 multo
346 4342 468 4406 maiore
482 4341 660 4406 fabularum
677 4363 807 4406 numero
822 4343 1054 4423 contineantur,
1076 4363 1215 4426 aequare
1228 4341 1317 4406 illum
