3220 5014
679 427 682 430 ’
784 463 981 562 Α..

339 667 403 736 Sed
426 667 489 733 clia
510 667 716 732 inveniuntur
737 665 852 730 similia
873 663 913 729 de
934 666 1029 729 cunis¹
1043 672 1159 730 natura
1178 667 1325 749 repetita,
1346 685 1429 750 quae

338 776 458 840 maiore
480 773 618 860 quodam
638 774 706 838 iure
727 773 790 838 huc
811 771 973 838 afferenda
995 793 1064 836 esse
1086 772 1269 837 contendas.
1312 772 1430 838 Nonne

338 883 493 969 imprimis
514 881 570 946 fidi
591 883 728 966 pastoris
750 881 874 945 comitis
897 889 946 945 est
960 902 1076 964 greges
1092 879 1278 946 custodire?
1322 879 1429 958 Quare

339 991 395 1076 qui
415 989 553 1054 fideliter
578 988 698 1074 aliquid
727 988 866 1053 custodit
887 997 984 1073 atque
1009 997 1132 1071 servat,
1163 989 1244 1054 bene
1266 1010 1337 1052 cum
1359 1009 1429 1072 gre·

339 1120 417 1182 gum
437 1099 491 1164 illo
521 1097 653 1162 custode
674 1098 852 1183 comparari
873 1104 988 1183 potest.
1032 1095 1130 1162 (luins
1151 1119 1227 1161 usus
1250 1097 1430 1182 exemplum

339 1205 511 1272 admodum
533 1206 617 1270 clare
639 1227 825 1290 expressum
856 1204 940 1291 apud
969 1203 1164 1290 Aeschylum
1186 1215 1292 1270 exstat
1313 1205 1429 1288 Agam.

339 1335 369 1379 v.
392 1314 482 1379 896:

486 1422 610 1506 λέγοιμ’
631 1413 674 1487 lv
695 1412 798 1507 ἄνδρα
819 1415 918 1488 τόνδε
939 1425 1010 1488 τῶν
1031 1414 1192 1505 στάθμαν
1212 1413 1307 1500 κύνα,

340 1529 395 1594 ubi
417 1529 554 1595 fortasse
575 1551 614 1593 ex
645 1531 784 1614 eleganti
809 1527 988 1594 Hermanni
1018 1527 1239 1594 emendatione
1265 1522 1432 1609 βουστάθ-

339 1659 413 1722 μων
442 1630 526 1703 κύνα
557 1637 697 1702 scribere
728 1638 811 1702 licet.
864 1636 955 1717 Quae
986 1653 1038 1701 res
1068 1646 1229 1721 utcunque
1260 1659 1295 1700 se
1324 1636 1430 1720 habet,

341 1746 418 1812 satis
448 1745 644 1830 perlucidam
674 1745 873 1830 desumptam
904 1767 973 1810 esse
1002 1744 1245 1809 translationem
1274 1743 1314 1809 de
1342 1766 1431 1828 cane,

342 1849 399 1939 qui
419 1852 561 1936 stabula,
591 1852 749 1939 pecudum
770 1852 880 1935 sedes,
902 1852 1056 1932 custodit,
1079 1874 1208 1937 prorsus
1228 1853 1431 1938 perspicuum

343 1970 401 2027 est.
464 1961 574 2046 Atque
606 1983 679 2026 cum
706 1962 759 2026 illo
789 1962 816 2025 si
853 1963 1004 2026 maritum
1034 1960 1132 2024 Troia
1162 1981 1327 2025 reversum
1357 1959 1430 2046 Oly-

343 2079 539 2134 taemnestra
560 2069 703 2154 confert,
733 2070 810 2135 boni
831 2070 972 2135 custodis
994 2071 1095 2134 instar
1117 2089 1189 2134 eum
1210 2071 1244 2134 in
1268 2079 1432 2155 posterum

340 2177 449 2242 domui
470 2178 691 2264 praefuturum
713 2201 782 2244 esse
810 2201 844 2243 se
866 2178 1026 2243 confidere
1045 2179 1180 2244 simulat.
1223 2178 1433 2262 Eandemque

341 2287 596 2370 Agamemnonis
618 2309 750 2352 uxorem
771 2287 855 2351 van'o
876 2286 1047 2352 verborum
1069 2287 1221 2372 strepitu,
1256 2307 1338 2371 quae
1359 2306 1429 2350 sen-

341 2395 411 2475 tiat,
435 2392 635 2460 dissimulare
657 2417 697 2459 ex
727 2393 868 2459 eiusdem
897 2394 1025 2460 fabulae
1056 2415 1085 2458 v.
1108 2394 1168 2459 607
1197 2404 1348 2479 apparet,
1377 2393 1432 2458 ubi

343 2502 511 2587 seipsam,
533 2500 639 2586 quoad
670 2502 701 2564 in
725 2501 903 2586 propinquo
926 2502 979 2567 ille
1007 2501 1121 2584 fuerit,
1153 2495 1319 2586 δωμάτων
1348 2495 1432 2568 κύνα

341 2603 468 2696 ἐσθλὴν
489 2608 606 2696 ἐκείνῳ
627 2608 726 2674 fuisse
747 2610 921 2675 contendit.
965 2609 1110 2674 Tertium
1131 2619 1297 2696 praeterea
1318 2611 1353 2674 in
1372 2609 1433 2674 hac

341 2717 451 2783 fabula
470 2719 588 2783 locum¹
605 2717 759 2782 habemus
781 2739 811 2782 v.
833 2717 871 2802 3,
900 2717 955 2781 ubi
983 2719 1051 2802 ipse
1084 2727 1191 2782 custos
1220 2740 1278 2803 per
1308 2739 1433 2782 annuae

341 2826 472 2910 vigiliae
492 2824 726 2908 longitudinem
746 2813 834 2890 oanis
857 2826 957 2890 instar
972 2818 1088 2908 (κυνὸς
1108 2826 1215 2912 δίκην)
1234 2824 1432 2890 custodiendi

341 2954 473 2998 munere
494 2956 528 2999 se
550 2933 695 2998 functum
716 2955 786 2998 esse
800 2934 885 2998 dicit.
930 2933 1021 3013 Quae
1034 2944 1202 3020 praeterea
1215 2935 1300 3020 apud
1320 2942 1432 3020 poetas

342 3051 469 3108 nostros
492 3043 698 3107 inveniuntur
728 3041 821 3107 huius
849 3044 977 3125 generis
1006 3042 1136 3126 similia,
1166 3042 1207 3108 ed
1236 3064 1347 3107 canem
1375 3044 1431 3106 im·

341 3149 451 3236 primis
483 3151 665 3215 venaticum
699 3157 846 3236 spectant
853 3201 862 3233 ,
901 3151 955 3235 qui
991 3150 1177 3236 plerumque
1215 3151 1337 3236 impetu
1373 3172 1431 3215 sno

341 3257 512 3322 furibundo
543 3256 628 3322 feras
658 3259 832 3322 insectatur
861 3259 1097 3343 perniciemque
1133 3259 1178 3323 eis
1210 3259 1347 3324 molitur.
1400 3259 1431 3323 A

341 3387 406 3451 qua
437 3365 566 3450 quidem
597 3387 633 3430 re
664 3366 741 3431 satis
773 3366 892 3430 multoe
923 3367 1080 3449 imagines
1108 3366 1149 3430 ab
1179 3377 1316 3451 utroque
1337 3376 1433 3452 poeta

340 3475 460 3560 petitae
493 3482 576 3539 sunt.
629 3473 680 3538 Ac
711 3475 847 3559 primum
879 3473 1008 3558 quidem
1040 3496 1094 3538 eos
1133 3473 1220 3539 locos
1253 3474 1431 3558 afferamus,

341 3580 457 3666 quibus
487 3583 725 3668 comparatione
754 3589 906 3666 usurpata
935 3583 1054 3646 animal
1082 3581 1302 3646 introducitur.
1359 3580 1431 3660 Quo

340 3690 503 3775 pertinent
524 3699 556 3754 et
580 3710 661 3774 quae
682 3687 836 3774 Aeschyli
857 3689 973 3772 Agam.
996 3711 1026 3752 v.
1053 3689 1133 3755 1093
1154 3711 1220 3774 seq.
1250 3689 1363 3755 chorus
1392 3689 1433 3755 de

342 3796 524 3863 Cassandra
545 3795 651 3860 dicit:
742 3871 745 3878 ¹

541 3901 651 3970 ἔοικεν
672 3894 762 3989 edoce
780 3894 801 3990 ἡ
822 3903 899 3989 ξένη
919 3897 1020 3980 κυνὸς
1042 3905 1135 3990 δίκην

540 4019 624 4078 εἰναι

342 4128 375 4184 et
398 4140 480 4204 quae
501 4119 664 4206 Euripidis
686 4067 787 4184 Herc.
806 4118 866 4184 fur.
888 4140 919 4182 v.
941 4119 1002 4184 859
1024 4141 1112 4204 seqq.
1138 4119 1257 4185 Rabies
1279 4120 1338 4186 dee
1359 4143 1430 4208 pro·
1536 4105 1537 4110 ἵ
1581 4155 1588 4170 ·

342 4227 406 4291 fert
427 4226 468 4291 cd
489 4225 577 4292 Irim
589 4249 751 4311 conversa,
773 4249 830 4313 per
851 4248 948 4312 qnam
968 4228 1094 4291 insania
1115 4226 1285 4294 Herculem
1306 4229 1432 4296 afficere

288 4369 290 4373 ·
342 4334 507 4401 alunone
527 4337 612 4401 iussa
634 4345 682 4400 est
704 4359 712 4400 t
