3220 5014
759 415 798 479 '11

313 617 343 684 el
363 617 400 684 di
421 611 461 704 δή
480 618 513 702 μ’
527 606 609 704 ’Ἡρα
630 619 666 684 θ’
686 608 868 703 ὑπουργεῖν
889 618 942 684 σοί
963 617 992 682 τ’
1012 606 1200 702 ἀναγκαίως
1222 613 1288 702 ἔχει

313 719 415 812 τάχος
436 726 656 812 ὲππιρσὶβδην
676 726 712 792 θ’
732 716 892 811 ὁμαρτεῖν
912 716 958 802 ώς
979 725 1141 811 κυνηγέτῃ
1160 718 1272 808 κύνας,

313 829 379 918 εἰμί
398 833 444 919 γ’·

230 942 415 1029 Sequuntur
447 942 620 1026 imagines,
652 941 685 1006 in
717 940 832 1027 quibus
862 941 931 1005 sive
958 941 1105 1006 vocabuli
1133 934 1226 1007 κύων
1254 941 1322 1006 sive

231 1071 349 1130 eorum,
374 1072 456 1135 quas
476 1070 549 1114 cum
569 1050 623 1114 illo
645 1049 826 1131 cohaerent,
848 1070 940 1112 usum
956 1049 1146 1114 translatum
1159 1047 1321 1112 habemus.

232 1160 342 1245 Atque
363 1159 487 1222 initium
509 1157 664 1222 faciamus
685 1156 726 1221 ab
749 1155 901 1241 Aeschyli
923 1156 961 1220 fr.
983 1156 1045 1220 234
1067 1177 1074 1218 :

380 1249 514 1350 Σφίγγα
536 1265 737 1350 δυσαμεριᾶν
757 1258 923 1350 πρύτανιν
943 1257 1027 1330 κύνα
1048 1264 1182 1348 πέμπει,

231 1373 285 1438 ubi
307 1373 534 1438 Thebanorum
555 1373 641 1438 illam
663 1384 786 1458 pestem
815 1373 1017 1458 δυσαμεριᾶν
1044 1365 1210 1457 πρύτανιν
1236 1365 1321 1438 κύνα

231 1491 327 1568 poeta
347 1483 501 1547 nominat.
544 1480 615 1546 Nec
636 1482 769 1545 multum
790 1480 832 1545 ab
853 1480 914 1545 hoc
935 1481 1089 1546 recedunt
1108 1481 1169 1544 loci
1198 1481 1236 1564 ii,
1266 1479 1323 1545 ubi

230 1591 297 1654 sive
319 1591 466 1655 mulieres
494 1589 686 1654 bacchantes
717 1590 785 1653 sive
806 1589 923 1653 Furiae
952 1587 1131 1653 hominibus
1160 1588 1321 1653 sceleratis

230 1698 466 1776 inimicissimae
505 1690 603 1774 κύνες
639 1696 796 1760 dicuntur.
852 1695 1030 1781 Utriusque
1068 1718 1143 1760 usus
1176 1697 1322 1782 exempla

231 1805 316 1891 apud
338 1804 525 1891 Euripidem
546 1806 762 1888 inveniuntur,
785 1807 840 1892 qui
860 1804 902 1869 ad
917 1804 1062 1869 Bacchas
1077 1804 1147 1868 illas
1162 1805 1323 1888 pertinere

231 1915 341 1996 voluit,
360 1923 446 2000 'quae
467 1915 594 2000 scripsit
615 1913 732 1979 Bacch.
755 1935 785 1978 v.
809 1913 865 1978 731
890 1935 956 1998 seq.
980 1937 988 1977 :
1064 1953 1079 1988 ,-

427 2012 448 2108 ἡ
469 2023 497 2088 δ
519 2011 716 2108 ἀνεβόησεν·
739 2007 766 2086 oi
788 2014 951 2107 δρομάδες
971 2019 1047 2105 ἐμαὶ
1068 2013 1166 2096 κύνες

426 2123 601 2216 θηρώμεθ’
622 2119 754 2214 α’νδρῶν
775 2128 874 2194 τῶνδ’
896 2119 953 2194 ὕπ’

231 2249 328 2326 atque
348 2237 468 2303 ibidem
489 2260 520 2302 v.
541 2238 601 2303 977
625 2263 632 2303 :

427 2345 488 2426 ire,
510 2347 592 2412 θοαὶ
614 2339 747 2422 Λύσσας
767 2338 875 2424 κύνες,
897 2343 939 2410 ἴτ’
961 2343 1008 2422 εἰς
1029 2335 1118 2430 ὄρος,

229 2455 283 2520 ubi
305 2454 415 2520 addita
435 2477 514 2520 voce
534 2447 667 2531 Λύσσας
687 2454 811 2540 plenior
832 2455 940 2536 imago
963 2453 1080 2518 evadit.
1131 2452 1184 2518 Ad
1205 2451 1321 2516 Furias

228 2574 335 2629 autem
357 2573 514 2648 spectant,
535 2584 618 2648 quae
639 2563 689 2628 El.
709 2584 739 2625 v.
759 2562 838 2628 1352
852 2583 919 2647 seq.
941 2561 982 2626 ad
1004 2560 1154 2628 Orestem
1176 2561 1321 2626 conversi

230 2672 379 2737 Dioscuri
400 2671 568 2757 proferunt
589 2694 597 2734 :

826 2766 910 2842 ἀλλὰ
931 2770 1032 2853 κύνας

427 2879 519 2952 τάσδ’
540 2876 745 2971 ὑποφεύγων
766 2884 865 2968 στεῖχ’
888 2883 940 2950 ἐπ’
963 2873 1121 2971 Ἀθηνῶν.

228 2995 383 3080 Idemque
414 3004 511 3080 poeta
543 3015 605 3079 quo
636 2995 705 3059 iure
735 2992 811 3058 deas
841 2993 910 3057 illas
942 2985 1132 3068 κυνώπιδας
1159 2991 1321 3078 appellare

230 3104 341 3189 possit,
363 3125 402 3166 ex
425 3102 505 3184 loco,
527 3121 623 3188 quam
645 3101 739 3165 modo
760 3101 943 3179 attulimus,
972 3101 1050 3164 satis
1071 3109 1213 3185 apparet.
1257 3096 1319 3164 Oc-

230 3213 329 3276 currit
350 3211 434 3274 enim
457 3209 536 3274 haec
557 3209 724 3275 translatio
746 3209 887 3274 eiusdem
909 3207 1038 3273 fabulae
1067 3229 1096 3271 v.
1121 3207 1201 3274 1252
1223 3228 1288 3292 seq.
1312 3227 1319 3270 ε

429 3318 534 3383 δειναὶ
555 3317 592 3382 δὲ
613 3317 721 3402 Κῆρές
742 3317 771 3383 o'
793 3317 827 3382 ul
848 3310 1035 3394 κυνώπιδες
1056 3317 1135 3382 θεαὶ

428 3419 706 3512 τροχηλατήσουδ
727 3424 852 3509 ἑμμανί
873 3419 1095 3509 πλανώμενον

230 3544 327 3621 atque
348 3534 454 3602 Orest.
476 3555 507 3597 v.
528 3533 591 3600 260
611 3555 678 3619 seq.
701 3556 709 3598 ι

428 3627 456 3706 od
479 3642 584 3723 Φοῖβ’,
604 3631 829 3708 ἀποκτενοῦσί
849 3643 882 3726 μ’
903 3639 938 3707 αἱ
958 3635 1144 3718 κυνώπιδες

425 3753 608 3835 γοργῶπες,
630 3749 756 3835 ἐνέρων
777 3748 876 3836 ἱερὶαι
896 3750 1002 3816 δειναὶ
1023 3751 1111 3815 θεαί.

229 3859 357 3924 Deinde
377 3879 441 3922 vox
462 3852 555 3924 κύων
575 3857 767 3923 transfertur
787 3857 829 3923 ad
851 3860 1001 3924 mulieres
1022 3857 1161 3942 perfidas
1183 3857 1235 3921 vel
1256 3878 1320 3940 eas,

229 3988 311 4052 quae
332 3968 399 4032 sive
419 3967 534 4031 marito
557 3967 625 4030 sive
645 3967 700 4030 alii
721 3967 815 4031 alicui
846 3967 914 4032 viro
946 3967 1119 4052 perniciem
1136 3964 1318 4030 moliantur.

229 4073 337 4154 Quare
359 4073 549 4156 Menelaum,
571 4081 683 4158 utpote
705 4073 759 4158 qni
775 4073 873 4138 Troia
895 4083 990 4158 capta
1011 4072 1165 4158 perfidam
1185 4094 1318 4139 uxorem

227 4204 293 4248 non
307 4183 475 4267 puniverit,
498 4181 661 4268 Euripidis
676 4181 830 4247 Androm.
846 4203 877 4246 v.
891 4182 954 4248 630
975 4183 1180 4248 vehementer
1202 4182 1316 4247 Peleus

230 4291 392 4376 vituperat
411 4289 461 4353 his
482 4288 588 4354 verbis
610 4311 684 4354 usus
706 4312 714 4353 ε
