3220 5014
894 458 935 524 66

813 547 1011 554 ——-—-—-———

366 660 465 727 Cuius
488 670 593 726 autem
615 661 662 724 rei
683 661 765 724 ratio
787 659 874 726 nulls
902 669 949 726 est
977 657 1103 741 habita,
1135 681 1205 725 eam
1226 647 1453 743 ἀβουκόλητον

366 768 519 855 appellari
542 769 763 852 cognoscimus
786 790 826 832 ex
847 767 958 854 Suppl.
981 789 1011 831 v.
1035 767 1126 832 929:

562 867 794 963 ἀβουκόλητον
814 876 906 942 τοῦτ’
926 875 996 960 ἐμῷ
1017 869 1215 961 φρονήματι.

446 1001 540 1083 Quod
563 1015 729 1088 practerea
750 1000 790 1066 ad
811 1001 963 1066 animalia
983 1003 1147 1086 pascentia
1161 1003 1301 1085 pertinet
1321 1001 1454 1066 verbum

363 1110 483 1195 νέμειν,
506 1110 539 1175 id
561 1111 716 1174 translate
735 1109 778 1173 ab
799 1108 954 1194 Euripide
975 1109 1022 1172 ita
1042 1111 1205 1194 usurpari,
1234 1119 1271 1173 ut
1298 1118 1330 1172 ot
1352 1110 1455 1193 ipsum
1551 1099 1552 1104 ¹

363 1221 397 1283 in
419 1218 551 1283 curandi
572 1219 623 1282 vel
645 1217 795 1282 servandi
817 1219 981 1281 notionem
1003 1216 1107 1300 abeat,
1130 1239 1170 1281 ex
1184 1216 1223 1282 fr.
1237 1217 1300 1281 635
1313 1225 1455 1302 apparet,

362 1328 418 1391 ubi
440 1327 519 1392 haec
540 1326 693 1390 habemus
714 1325 815 1390 verba
837 1349 844 1390 ε
1551 1319 1552 1322 '

562 1425 653 1510 ὅστις
673 1433 764 1518 νέμει
785 1427 945 1500 κάλλιστα
966 1428 1028 1518 τὴν
1049 1423 1154 1499 αὑτοῦ
1176 1427 1286 1515 φύσιν,

437 1627 438 1630 ¹
560 1526 661 1618 οὗτος
682 1536 788 1624 σοφὸς
810 1541 939 1624 πέφυκε
961 1534 1047 1626 πρὸς
1069 1535 1109 1607 τὸ
1132 1535 1312 1626 σύμφορον.

362 1667 415 1732 Ex
436 1668 597 1751 Aeschylo
620 1678 736 1749 autem,
760 1667 843 1752 apud
867 1689 962 1753 quem
977 1666 1067 1730 verbi
1081 1667 1233 1752 simplicis
1248 1688 1341 1731 usum
1356 1675 1455 1731 meta-

361 1775 528 1860 phoricum
550 1796 614 1838 non
637 1776 826 1858 invenimus,
849 1776 1059 1859 compositum
1081 1773 1298 1859 ἐπινέμεσθαι
1324 1774 1457 1840 afferen-

361 1883 437 1947 dum
465 1892 529 1962 est,
563 1882 648 1967 quod
677 1884 804 1968 proprie
836 1882 965 1969 depasci
987 1882 1156 1966 signifieat,
1186 1881 1271 1947 unde
1299 1882 1340 1947 ad
1365 1882 1458 1946 absu-

360 1989 468 2056 mendi
491 1992 559 2054 sive
582 1989 796 2076 depopulandi
817 1991 982 2055 notionem
1003 1990 1097 2054 facile
1119 1991 1266 2054 transitio
1293 1990 1339 2054 fit.
1387 1988 1458 2069 Quo

360 2098 458 2164 verbo
490 2119 552 2184 quo
584 2097 678 2162 modo
710 2098 926 2184 metaphorice
955 2119 1031 2161 usus
1058 2099 1101 2161 sit
1132 2108 1243 2182 pocta,
1275 2119 1316 2162 ox
1337 2099 1458 2182 Agam.

359 2229 391 2271 v.
410 2207 474 2272 485
495 2207 692 2290 intellegitur
714 2230 721 2270 :

556 2325 705 2408 πιθανὸς
726 2321 811 2416 ἄγαν
832 2321 850 2396 ὁ
874 2335 980 2416 θῆλυς
1002 2321 1082 2416 ὅρος
1103 2329 1304 2416 ἐπινέμεται,

361 2480 443 2546 quae
464 2457 572 2539 verba,
596 2479 669 2522 cum
690 2457 837 2523 absolute
858 2457 982 2522 dicatur
1003 2455 1204 2542 ἐπινέμεται,
1227 2456 1313 2521 hunc
1334 2459 1368 2520 in
1389 2480 1458 2522 mo-

359 2565 435 2631 dum
456 2575 582 2629 vertere
604 2566 706 2630 licet:
738 2565 829 2633 nimis
859 2564 1022 2629 credulum
1050 2566 1191 2630 mulieris
1213 2565 1378 2630 decretum
1401 2588 1459 2652 po·

358 2674 537 2760 pulationes
559 2673 639 2766 facit
657 2675 725 2737 sive
746 2673 829 2738 mala
856 2675 985 2738 excitat.
1039 2674 1174 2740 Accedit
1201 2672 1287 2758 apud
1317 2674 1459 2738 eundem

358 2791 486 2871 poetam
519 2781 750 2865 compositione
783 2796 886 2853 ortum
919 2780 1110 2845 vocabulum
1140 2774 1329 2865 βούνομος,
1369 2783 1460 2869 quod

362 2890 401 2954 fr.
423 2889 485 2954 243
505 2889 623 2972 legitur
645 2911 652 2950 :

562 3013 727 3099 Σπερχειὲ
748 3013 877 3098 ποταμὲ
898 3008 1061 3100 βούνομοέ
1082 3016 1110 3079 τ’
1133 3013 1344 3100 ἐπιστροφαὶ,

365 3142 419 3206 ubi
441 3142 518 3227 quid
539 3143 581 3205 sit
603 3139 792 3220 intotonat,
821 3161 860 3204 ex
891 3139 1047 3225 Hesychii
1077 3142 1290 3227 explicatione
1310 3134 1459 3227 apparet,

364 3272 460 3336 quam
490 3249 644 3315 habemus
673 3249 711 3313 fr.
733 3248 823 3312 264:
854 3247 1071 3334 ἐπιστροφαί·
1103 3248 1287 3333 διατριβαὶ,
1320 3249 1458 3316 δίαιται.

363 3352 528 3443 Αἰσχύλος
551 3359 662 3442 Φρυξί.
705 3355 821 3441 Neque
850 3378 926 3420 vero
956 3355 997 3418 ab
1024 3355 1086 3419 hoe
1117 3356 1187 3420 loco
1219 3356 1332 3421 abesse
1353 3367 1460 3422 traus—

363 3469 532 3547 lationem,
565 3486 635 3529 oum
666 3465 757 3528 sedes
781 3463 870 3546 illae,
899 3464 931 3528 in
962 3462 1077 3548 quibus
1106 3473 1274 3528 versantur
1295 3465 1459 3548 animalia,

362 3567 525 3658 βούνομοι
545 3573 701 3655 dieantur,
724 3581 971 3636 cousentaneum
1002 3581 1059 3635 est.
1110 3572 1255 3637 Pertinet
1281 3572 1344 3637 huc
1363 3595 1457 3659 prae·

363 3693 452 3748 terea
472 3680 665 3746 vocabulum
682 3673 856 3764 σύννομος,
879 3680 966 3742 ouius
988 3681 1117 3764 propria
1148 3690 1309 3765 potestate
1336 3681 1457 3746 animal

363 3789 572 3873 significatur,
595 3786 681 3872 quod
704 3787 823 3852 eisdem
845 3786 960 3872 quibus
980 3787 1043 3852 alia
1071 3787 1210 3852 eiusdem
1240 3791 1365 3873 generis
1386 3789 1454 3853 ani-

363 3898 459 3962 malia
479 3897 605 3982 pascuis
627 3897 694 3960 sive
716 3897 748 3959 in
770 3917 849 3978 agro
865 3915 1054 3980 compascuo
1070 3895 1189 3961 eisdem
1205 3896 1329 3981 pabulis
1343 3897 1455 3960 utitur.

362 4004 427 4071 Sed
458 4004 613 4069 translate
643 4004 682 4066 de
713 4001 892 4065 hominibus
923 4023 1050 4088 quoquc
1082 4014 1270 4088 usurpatur,
1305 4005 1360 4089 qui
1389 4025 1457 4068 una

363 4111 488 4176 educati
510 4110 640 4175 fuerunt
661 4109 713 4173 vel
737 4108 913 4172 educantur
941 4119 996 4174 aut
1025 4111 1138 4176 saltem
1168 4113 1319 4198 quisunt
1341 4122 1455 4178 contu-

362 4218 509 4283 bernales
541 4219 593 4283 vel
626 4218 760 4282 sodales.
823 4215 887 4295 Qui
924 4217 1051 4301 quidem
1083 4241 1157 4282 usus
1188 4218 1280 4286 nobis
1315 4219 1458 4284 occurrit

362 4326 515 4412 Aeschyli
536 4326 625 4410 Sept.
649 4349 674 4389 c.
697 4324 757 4388 Th.
779 4347 810 4387 v.
833 4324 895 4388 353
917 4344 982 4409 seq.
1008 4347 1015 4387 :
