3220 5014
763 471 805 540 69

231 675 324 740 nobis
346 675 536 740 occurrero?
580 673 679 740 Cuius
708 695 785 738 usus
817 673 998 760 exemplum
1031 673 1128 738 otiam
1155 669 1327 757 Euripides

231 783 399 869 usurpavit
420 783 532 868 Suppl.
554 805 584 847 v.
608 783 670 848 190
689 803 755 868 seq.
779 805 786 846 :
832 856 839 866 ι

431 883 524 956 τότ’
546 885 663 976 οἰκτρὰ
684 883 746 976 γὰρ
768 889 983 973 όέόορκεκαὶ
1004 889 1140 954 νεανίαν

434 995 500 1082 ἔχει
521 1016 557 1063 σε
579 998 710 1082 ποιμέν’
732 990 869 1080 ἐσθλόν,

110 1178 114 1186 ,
231 1105 287 1170 ubi
326 1104 425 1170 verba
464 1105 596 1190 ποιμέν’
636 1099 763 1172 ἐσθλόν
801 1104 843 1168 ad
870 1102 1047 1184 Theseum,
1081 1102 1327 1170 Atheniensium

232 1234 352 1297 regem,
374 1223 531 1298 spectant.
575 1213 673 1298 Apud
688 1211 885 1297 Aeschylum
907 1219 1014 1276 autem
1037 1213 1108 1275 voci
1129 1205 1255 1296 ποιμὴν
1268 1210 1329 1275 hac

233 1320 443 1386 translatione
480 1331 652 1407 usurpatae
679 1313 858 1406 ποιμάνωρ
889 1319 941 1385 ille
973 1307 1162 1404 respondet,
1195 1319 1235 1384 de
1264 1340 1327 1404 quo

233 1431 320 1495 Pers.
344 1451 373 1494 v.
396 1430 454 1493 241
480 1431 672 1515 quaeritur:

331 1539 382 1614 τίς
403 1537 439 1603 δέ
460 1531 638 1622 ποιμάνωρ
660 1533 774 1601 ἔπεστι
795 1524 1035 1617 κάπιδεσπόζει
1056 1539 1202 1617 στρατοῦ
1209 1560 1221 1612 ;

234 1644 362 1709 Deinde
383 1666 466 1730 quae
487 1643 650 1728 Euripidis
672 1642 784 1728 Suppl.
806 1664 836 1706 v.
860 1643 922 1707 674
942 1640 1095 1706 habemus
1121 1642 1278 1726 ποιμένες
1299 1643 1327 1706 d'

233 1745 324 1836 όχων
345 1745 538 1838 τετραόρων
569 1752 609 1816 de
642 1751 904 1837 quadriiugarum
936 1749 1206 1833 gubernatoribus
1238 1771 1327 1814 usur·

233 1870 319 1947 pata,
341 1859 382 1924 ab
405 1861 451 1924 eis
473 1861 528 1923 vix
551 1858 679 1924 diversa
697 1869 782 1942 aunt,
805 1880 887 1944 quae
910 1856 1064 1943 Aeschyli
1085 1858 1168 1922 illius
1190 1859 1327 1940 fabulae,

233 1969 284 2032 cui
305 1967 390 2032 idem
412 1989 530 2033 nomen
553 1979 611 2049 est,
633 1989 663 2032 v.
679 1967 738 2032 767
754 1967 847 2032 nobis
867 1977 1039 2032 occurrunt
1060 1971 1152 2034 ναῶν
1172 1969 1328 2053 ποιμένες

232 2075 272 2140 ad
294 2076 425 2140 navium
446 2074 678 2158 gubernatores
702 2075 904 2159 pertinentia.
950 2074 1059 2160 Atque
1079 2075 1120 2140 ad
1142 2076 1224 2141 hauc
1243 2077 1327 2141 simi-

232 2182 399 2247 litudinem
421 2183 567 2268 proxime
587 2181 753 2265 accedunt,
776 2201 859 2266 quae
874 2183 991 2265 Agam.
1006 2204 1037 2246 v.
1050 2183 1110 2247 667
1133 2183 1172 2248 de
1194 2184 1328 2250 navibus

232 2290 367 2374 legimus
394 2313 401 2352 :

382 2387 502 2482 οόχοντ’
522 2389 678 2480 ἄφαντοι,
699 2399 861 2483 ποιμένος
881 2402 988 2465 κακοῦ
1009 2392 1151 2485 στρόβῳ,

234 2507 295 2569 nisi
317 2504 402 2590 quod
424 2506 585 2590 ποιμένος
605 2511 712 2573 κακοῦ
734 2507 774 2572 de
795 2508 936 2592 procella
956 2529 1056 2572 naves
1079 2506 1245 2572 disieiente
1267 2507 1328 2572 hoc

232 2613 302 2678 loco
324 2614 575 2697 intellegendum
597 2625 655 2680 est.
704 2616 840 2680 Prorsus
868 2624 976 2680 autem
1005 2614 1219 2699 Aeschyleam
1246 2615 1329 2680 hanc

232 2721 454 2807 metaphoram
473 2721 609 2786 Weilius
631 2721 708 2787 dicit
730 2733 827 2808 atque
848 2722 925 2787 illud
945 2713 1066 2808 όνόρός
1088 2723 1329 2807 φιτυποιμένος

233 2829 327 2915 δίκην
348 2851 420 2894 curn
443 2852 481 2894 ea
502 2830 636 2912 confert,
660 2831 745 2915 quod
768 2831 861 2895 Eum.
885 2852 915 2895 v.
938 2831 997 2896 911
1026 2840 1148 2913 exstat,
1178 2830 1233 2894 ubi
1260 2831 1328 2895 uni·

233 2959 327 3002 versa
348 2936 448 3002 verba
469 2959 489 3002 a
509 2937 603 3001 nobis
625 2939 703 3023 ipsis
724 2938 777 3003 hic
798 2937 1076 3003 commemoranda
1104 2939 1151 3003 ita
1178 2959 1330 3024 expressa

234 3054 338 3110 suut:

385 3152 513 3239 στέργω
533 3146 608 3240 γὰρ,
629 3143 752 3240 ἀνδρὸς
773 3155 1014 3240 φιτυποιμένος
1035 3155 1138 3240 δίκην,

383 3253 425 3326 τό
447 3265 518 3326 τῶν
539 3262 678 3327 δικαίων
697 3263 797 3330 τῶνδ’
818 3253 1015 3349 ἀπένθητον
1035 3263 1139 3348 γένος.

236 3366 388 3452 Sequitur
409 3368 543 3434 verbum
565 3371 744 3453 ποιμαίνω,
773 3369 858 3454 quod
879 3372 1008 3456 proprie
1036 3369 1076 3434 do
1099 3379 1246 3455 pastore,
1275 3372 1330 3456 qui

237 3495 354 3560 greges
376 3477 489 3560 pascit,
520 3486 618 3561 atque
639 3476 743 3541 forma
763 3476 892 3542 mediali
913 3477 954 3542 de
975 3478 1053 3562 ipsis
1075 3477 1245 3562 gregibus,
1275 3480 1330 3565 qui

236 3593 427 3667 pascuntur,
459 3585 606 3668 usurpari
637 3585 727 3648 solet.
782 3584 953 3650 Translate
984 3595 1090 3650 autem
1119 3585 1212 3650 huius
1239 3585 1331 3650 verbi

236 3688 371 3755 formam
393 3693 532 3756 activam
551 3695 598 3759 ita
618 3693 659 3757 ab
681 3692 836 3778 Euripide
866 3692 1043 3757 adhibitam
1073 3695 1266 3778 invenimus,
1294 3704 1331 3758 ut

235 3798 351 3863 abillo
380 3799 574 3865 substantivi
600 3795 726 3887 ποιμὴν
756 3821 815 3866 usu
843 3800 1078 3884 metaphorico,
1109 3823 1204 3888 quem
1234 3823 1332 3886 supra

236 3909 475 3993 explicavimus,
497 3909 628 3973 minime
648 3908 787 3973 recedat.
821 3907 949 3973 Dicitur
963 3909 1048 3973 enim
1065 3907 1130 3974 dux
1145 3910 1329 3991 exercitum,

236 4017 286 4080 cui
306 4026 444 4102 praeest,
464 4018 656 4100 ποιμαίνειν
676 4016 715 4080 fr.
739 4017 816 4099 744,
847 4016 902 4080 ubi
923 4017 1003 4082 haec
1024 4016 1178 4081 habemus
1200 4016 1300 4081 verba
1322 4040 1329 4081 :

384 4115 494 4210 ἄρξεις
514 4118 577 4211 γὰρ
599 4116 707 4190 οότω·
727 4118 790 4211 χρὴ
811 4124 847 4190 db
869 4118 931 4189 τόν
952 4120 1182 4211 στρατηλάτην

384 4223 475 4318 ὁμῶς
497 4235 626 4301 δίκαιον
647 4225 731 4299 ὄντα
753 4235 946 4319 ποιμαίνειν
966 4227 1119 4320 στρατόν.

235 4342 345 4431 Atque
366 4340 451 4432 apud
475 4341 609 4410 eundem
631 4353 770 4436 poetam,
793 4363 865 4406 oum
887 4343 923 4425 is,
947 4343 1001 4436 qui
1023 4341 1175 4431 pabulum
1196 4341 1330 4432 praebet
