3220 5014
805 429 848 497 44

279 641 418 698 stantem
439 632 531 698 verbi
552 632 636 697 illius
658 633 900 699 translationem
923 654 992 698 esse
1014 632 1183 717 concedes,
1213 653 1276 719 qua
1296 654 1370 697 usus

279 741 459 827 Aeschylus
482 741 588 806 Prom.
611 762 641 804 v.
663 742 724 808 376
746 743 872 828 scripsit
894 766 901 806 :

479 846 544 916 ἔστ’
565 840 608 915 dv
628 843 706 928 Διὸς
727 845 881 938 φρόνημα
902 843 1041 936 λωφήσῃ
1060 843 1166 934 χόλου

280 966 377 1042 atque
399 957 539 1023 eiusdem
561 956 689 1023 fabulae
709 979 739 1024 u.
762 959 853 1024 654:
1237 971 1241 978 ’

478 1056 523 1143 ὡς
544 1057 586 1131 ἂν
606 1059 647 1132 τὸ
669 1068 750 1133 Δῖον
771 1057 859 1151 ὄμμα
880 1059 1018 1151 λωφήσῃ
1039 1058 1164 1132 πόθου.

281 1171 378 1237 Aliud
400 1174 542 1256 verbum,
575 1174 660 1260 quod
690 1175 751 1241 huo
783 1176 940 1259 pertinet,
972 1163 1215 1259 ἄαοζευγνύναι
1262 1174 1370 1257 sepius

279 1280 320 1345 ab
341 1279 496 1366 Euripide
519 1282 672 1347 translate
703 1291 890 1368 usurpatum
920 1303 984 1345 non
1013 1302 1143 1366 prorsus
1171 1280 1254 1345 idem
1275 1280 1370 1363 valet,
1476 1367 1479 1374 Ι

280 1387 337 1454 scd
358 1388 544 1476 simpliciter
566 1389 606 1454 de
628 1391 857 1474 communione,
880 1411 962 1476 quae
983 1391 1058 1474 iugo
1080 1387 1195 1454 effecta
1209 1397 1288 1473 erat,
1309 1388 1370 1453 sol-

148 1559 150 1567 ,
281 1496 386 1561 venda
405 1507 578 1582 usurpatur
599 1520 703 1584 neque
724 1497 809 1563 aliud
832 1497 1005 1584 quidquam
1026 1497 1086 1561 nisi
1114 1497 1282 1581 seiungere
1303 1497 1371 1561 sive

280 1604 464 1690 disiungere
485 1604 655 1690 siguificat.
698 1605 783 1671 Nam
805 1607 915 1690 iugum
945 1605 972 1669 si
999 1603 1100 1669 demis
1130 1605 1185 1686 iis,
1215 1606 1269 1690 qui
1300 1625 1370 1668 cum

281 1712 335 1776 iilo
360 1715 520 1779 coniuncti
543 1724 626 1798 sunt,
648 1714 783 1780 alterum
812 1712 852 1778 ab
883 1715 984 1779 altero
1012 1713 1163 1797 seiungis.
1205 1711 1372 1776 Invenitur

280 1831 388 1886 autem
408 1821 469 1887 hoc
491 1822 622 1887 verbum
645 1822 731 1888 Med.
753 1845 783 1887 v.
808 1823 886 1886 1017
910 1846 917 1887 :
972 1873 975 1880 ,

479 1921 576 1996 οὗτοι
595 1923 682 2018 μόνη
703 1924 744 1998 σὺ
765 1934 836 1997 σῶν
857 1919 1023 2017 α’πεζύγης
1043 1929 1181 2012 τέκνων,

283 2058 365 2122 quae
385 2037 485 2103 verba
506 2037 547 2102 ad
570 2040 671 2124 ipsam
693 2037 840 2106 Medeam
862 2039 1025 2124 pertinent
1047 2061 1067 2103 a
1095 2037 1204 2102 liberis
1232 2037 1296 2100 suis
1311 2057 1370 2100 se·

281 2144 486 2229 iungendam.
528 2145 644 2231 Neque
665 2144 706 2210 ab
727 2146 787 2211 hoc
817 2144 961 2210 diversus
989 2154 1038 2210 est
1066 2144 1170 2228 loeus,
1199 2145 1253 2229 qui
1274 2141 1370 2207 Herc.

282 2252 343 2317 fur.
364 2273 395 2317 v.
421 2253 500 2318 1375
521 2274 584 2338 seq.
609 2262 724 2336 exstat,
747 2252 907 2317 ubi-huno
928 2255 960 2317 in
982 2251 1111 2317 modum
1133 2251 1226 2317 heros
1254 2250 1323 2334 ille,
1352 2272 1372 2314 a

283 2361 346 2445 quo
366 2381 484 2425 nornen
506 2360 633 2426 fabulae
655 2370 750 2448 poeta
770 2362 894 2445 petivit,
917 2361 1122 2445 conqueritur
1144 2383 1152 2424 ε

479 2459 525 2546 ὡς
545 2459 674 2546 ἀθλίως
694 2469 849 2555 πέπραγα
871 2457 1139 2554 κάποζεύγνυμαι

478 2577 609 2643 τέκνων
629 2571 785 2662 γυναικός
807 2577 846 2642 τ’.

282 2683 407 2764 Quibus
437 2685 594 2751 accedunt
626 2697 658 2751 et
691 2708 773 2772 quae
807 2685 856 2750 El.
889 2706 919 2750 v.
949 2681 1013 2756 284
1044 2704 1186 2748 sororem
1217 2681 1371 2749 allocutus

283 2792 415 2859 Orestes
437 2793 560 2878 profert
582 2818 589 2858 :

479 2901 539 2966 νέα
560 2895 632 2986 γὰρ,
654 2890 753 2967 οὐδὲν
774 2901 887 2984 θαῦμ’,
909 2888 1122 2983 ἀπεζεύχθης
1142 2897 1231 2978 νέου,

282 3017 314 3072 et
336 3029 417 3093 quae
432 3007 553 3073 Phoen.
570 3031 599 3074 v.
615 3008 676 3073 988
691 3007 730 3072 de
752 3009 876 3092 seipso
899 3006 977 3071 dicit
999 3005 1200 3089 Menoeceus,
1224 3005 1372 3072 Creontis

281 3115 395 3181 filius:

479 3218 604 3311 μητρὸς
624 3224 798 3311 στερηθεὶς
820 3212 969 3310 ὀρφανός
989 3222 1018 3287 τ’
1040 3211 1227 3306 ἀποζυγείς.
1268 3304 1269 3310 ¹

284 3329 398 3416 Neque
419 3330 461 3396 ab
483 3331 544 3396 hoc
564 3353 682 3417 genere
710 3332 816 3396 aliena
845 3339 892 3396 est
923 3331 1029 3415 imago
1060 3329 1132 3413 illa,
1162 3350 1244 3415 quae
1273 3329 1372 3416 Hipp.

286 3459 316 3502 v.
338 3439 400 3504 545
421 3461 509 3525 seqq.
533 3440 722 3524 continetur,
744 3439 799 3504 ubi
820 3439 930 3504 Venus
953 3437 1055 3502 Iolam
1084 3438 1125 3503 de
1154 3436 1247 3502 domo
1269 3439 1371 3502 seiun-

283 3568 363 3632 geus
391 3549 443 3612 vel
472 3547 631 3616 deducens
664 3546 783 3631 (οἴκων
803 3542 930 3631 ζεύξασ’
952 3537 1036 3630 ἄπο)
1058 3545 1233 3610 Alcmenae
1252 3543 1318 3609 filio
1336 3545 1373 3608 in

234 3649 237 3656 ’
283 3657 520 3722 matrimonium
542 3655 667 3722 dedisse
689 3655 812 3721 dieitur.
855 3654 945 3721 Idem
962 3656 1045 3720 euim
1064 3653 1218 3719 habemus
1240 3652 1373 3718 verbum

283 3754 527 3850 α’ποςευγνύναι
561 3765 797 3858 praepositione
829 3764 871 3830 ab
904 3764 958 3829 illo
990 3762 1145 3832 dissoluta
1177 3771 1274 3848 atque
1302 3783 1374 3826 cum

284 3874 412 3938 nomine
434 3871 634 3938 substantivo
656 3874 832 3938 coniuncta.
878 3872 1065 3958 Eodemque
1080 3893 1173 3937 sensu
1188 3862 1373 3955 διαζευγνύ-

283 4004 339 4050 vac
359 3990 531 4067 usurpatur
560 3981 608 4046 El.
631 4003 660 4046 v.
686 3981 766 4047 1323
787 4002 870 4066 seq,
900 3980 955 4046 ubi
985 3979 1026 4045 ad
1055 3979 1187 4045 fratrem
1220 4000 1375 4043 conversa

286 4091 411 4157 Orestis
432 4111 522 4154 soror
543 4090 622 4155 haec
643 4089 721 4155 dicit
742 4114 749 4154 :

484 4190 538 4278 διὰ
558 4190 621 4282 γὰρ
643 4198 789 4282 gamno
810 4187 894 4282 ἡμᾶς
909 4197 1068 4283 ’πατρίων

481 4298 664 4391 μελάθρων
681 4298 805 4391 μητρὸς
826 4298 939 4387 φόνιοι
959 4296 1110 4390 κατάραι.
