3220 5014
822 420 865 488 62

192 625 195 630 ’
292 624 511 712 neglegendus
533 633 583 690 ost
603 622 695 690 uerbi
713 622 930 690 οἱκολοῑσθαι
942 645 1019 692 usus
1034 621 1279 707 metaphorious,
1301 621 1387 708 qnod

293 733 421 817 quidem
442 731 572 818 proprie
593 733 731 816 primum
753 729 793 796 de
824 732 945 816 capris,
976 729 1093 798 deiude
1123 732 1220 797 utiam
1248 728 1288 796 de
1316 731 1387 796 aliis

292 838 468 925 pecudibus
497 839 704 923 poscentibus
725 833 789 905 dioi
811 839 903 906 solet.
946 838 1041 904 Alter
1070 837 1174 918 loeus,
1203 859 1267 924 quo
1298 839 1386 902 voois

291 940 395 1032 βοτὴρ
418 943 585 1011 translatio
609 947 800 1031 continetur,
823 945 913 1032 Sept.
937 968 963 1009 o.
985 945 1088 1012 Theb.
1111 968 1141 1009 v.
1163 945 1205 1008 24
1226 954 1362 1010 exstat:

441 1057 502 1120 νῦν
523 1053 561 1137 d’,
583 1043 628 1130 ὡς
650 1044 668 1118 ὁ
692 1045 810 1139 μάντις
832 1054 941 1139 puoto,
964 1051 1097 1122 οἰωνῶν
1116 1056 1231 1138 βοτῆρ,

293 1162 349 1228 ubi
370 1173 458 1228 reete
480 1159 616 1228 Weilius
638 1160 772 1227 adnotat
787 1184 794 1226 :
812 1160 918 1245 ,Quid
940 1161 983 1226 sit
1004 1159 1136 1228 οἰωνῶν
1155 1163 1271 1246 βοτῆρ,
1292 1169 1388 1244 poeta

293 1272 371 1357 ipse,
392 1267 658 1354 locupletissimus
677 1269 853 1354 interpres,
883 1267 990 1332 verbis
1020 1260 1183 1353 δεσπότης
1203 1259 1388 1351 μαντευμά-

292 1402 363 1444 των
383 1373 586 1443 declaravit.“
630 1375 716 1442 Nam
739 1377 793 1462 qui
815 1397 856 1440 ex
877 1376 985 1440 avium
1005 1385 1121 1442 natura
1140 1384 1331 1460 auguratur,
1360 1376 1387 1438 is

292 1487 384 1572 quasi
405 1495 516 1571 pastor
537 1484 662 1550 illarum
688 1505 758 1550 esse
787 1483 923 1550 videtur.
966 1483 1037 1552 Iam
1058 1484 1099 1548 ad
1125 1485 1229 1569 ipsum
1252 1483 1387 1550 verbnm

291 1586 427 1675 βόσκειν
448 1594 516 1656 siva
536 1585 720 1674 βόσκεσθαι
741 1589 971 1660 transeundum
993 1601 1051 1674 est,
1073 1591 1158 1676 quod
1180 1590 1221 1656 od
1243 1591 1387 1658 homines

292 1702 338 1766 ita
359 1700 561 1782 transfertur,
583 1709 619 1770 ut
640 1701 747 1764 active
761 1708 949 1784 usurpatum
970 1699 1066 1782 alere,
1087 1698 1267 1766 medialiter
1280 1698 1389 1784 aliqua

291 1831 326 1874 re
353 1808 395 1873 ali
422 1805 590 1892 significet.
635 1809 744 1893 Atque
773 1808 851 1873 illud
873 1807 1003 1894 quidem
1023 1817 1073 1876 ter
1093 1807 1179 1893 apud
1200 1806 1388 1893 Euripidem

292 1917 463 1996 iuvenitur,
488 1915 577 1980 ouius
599 1914 729 1980 Horaol.
752 1937 789 2002 v,
805 1915 867 1980 826
888 1937 957 2000 seq.
979 1916 1145 2000 legimus:

489 2007 517 2088 oi
540 2027 749 2107 ξομαολῑται,
771 2026 813 2107 τῇ
834 2047 871 2088 τε
892 2016 1059 2105 βοσκοόσῃ
1079 2022 1181 2106 χθονὶ

490 2133 547 2198 καὶ
568 2135 609 2215 τῇ
630 2125 773 2215 τεκούσῃ
795 2135 857 2197 νῦν
877 2132 941 2197 τιν’
962 2121 1100 2216 ἀρκέσαι
1120 2122 1238 2218 χρεοὺν,

291 2237 450 2324 aquibus
472 2235 602 2306 minime
623 2239 787 2322 recedunt,
810 2261 893 2325 quae
914 2239 953 2304 fr.
976 2238 1039 2304 774
1059 2247 1190 2304 exstant
1211 2261 1219 2302 ε

492 2335 538 2423 ὡς
559 2351 734 2431 πανταχοῦ
754 2371 791 2432 γε
812 2348 933 2433 πατρὶς
954 2337 974 2432 ἡ
993 2340 1162 2427 βόσκουσα
1183 2349 1233 2432 γῆ.

292 2452 438 2520 Tertium
460 2449 553 2518 huius
575 2455 702 2538 generis
724 2456 904 2540 exemplum
926 2454 1046 2522 Phoau.
1062 2476 1092 2521 v.
1106 2455 1169 2520 405
1183 2454 1388 2519 continetur:

441 2553 547 2627 κακόν
568 2555 608 2627 τό
629 2555 674 2647 μὴ
697 2562 793 2647 ’χειν
816 2557 974 2648 τὸγένος
996 2553 1059 2629 οόκ
1081 2561 1200 2644 ἔβοσκέ
1218 2586 1269 2648 με,

292 2689 375 2754 quae
395 2668 496 2734 verba
517 2692 537 2734 a
558 2669 713 2754 Polynice
735 2671 950 2755 proferuntur,
972 2693 992 2736 a
1014 2692 1076 2756 quo
1099 2671 1240 2738 eiusdem
1259 2670 1388 2736 fabulae

291 2796 322 2838 v.
344 2777 407 2842 400
428 2776 520 2842 verbi
541 2777 625 2842 illius
647 2777 751 2842 forma
772 2777 900 2844 mediali
922 2801 981 2842 usa
1001 2778 1131 2844 Iocasta
1151 2779 1311 2864 quaesivit
1332 2802 1339 2842 :

440 2879 555 2952 πόθεν
576 2886 605 2951 δ’
626 2879 781 2967 ἐβόσκου,
803 2888 885 2972 πρὶν
904 2880 1022 2972 γάμοις
1043 2877 1153 2973 εὑρεῖν
1173 2889 1269 2968 βίον,·

291 2992 446 3078 Idemque
467 3003 563 3078 poeta
583 2986 646 3059 τόν
665 2988 833 3075 βόσκοντα
849 2996 917 3060 sive
936 2988 1016 3071 τοὺς
1036 2989 1222 3076 βόσκοντας
1243 2995 1389 3060 nominat

293 3121 357 3183 eos,
380 3101 435 3186 qui
456 3099 574 3166 liberos
595 3101 705 3183 alunt,
737 3101 758 3164 i.
780 3124 806 3166 e.
830 3111 997 3187 parentem
1024 3103 1094 3168 sive
1123 3111 1283 3187 parentes.
1334 3100 1387 3164 ln·

293 3208 465 3274 veniuntur
488 3219 596 3273 autem
618 3207 711 3273 huius
733 3211 861 3293 generis
883 3208 1030 3296 exempla
1050 3209 1120 3277 Ion.
1143 3229 1173 3275 v.
1199 3210 1256 3274 137
1280 3233 1288 3275 :

591 3308 655 3382 τόν
673 3309 842 3398 βόσκοντα
862 3310 926 3402 γὰρ
946 3306 1076 3402 εὐλογῶ

292 3433 391 3509 atque
410 3423 531 3491 ibidem
551 3446 583 3490 v.
607 3425 666 3492 183
687 3449 695 3490 ι

591 3527 672 3611 τοὺς
691 3527 877 3614 βόσκοντας
897 3527 1110 3619 θεραπεύων.

293 3640 467 3708 Praetereo
487 3639 528 3706 ad
550 3663 626 3707 aves
649 3641 805 3730 quosdam
827 3641 968 3707 medium
998 3636 1181 3723 βόσκεσθαι
1208 3641 1388 3727 Aesohylns

292 3749 456 3814 transtulit
476 3758 574 3836 atque
596 3751 778 3815 accusativo
812 3749 921 3814 addito
951 3750 1042 3814 verbi
1063 3751 1222 3816 transilivi
1243 3750 1277 3814 vi
1298 3770 1387 3835 prae

292 3855 374 3921 didit
394 3856 512 3941 Agam.
534 3879 564 3921 u.
592 3859 658 3941 119,
679 3857 735 3922 ubi

490 3957 692 4050 βοσκόμενοι
712 3965 852 4050 λαγίναν
873 4002 915 4012 -
935 4001 977 4012 -
998 3965 1180 4050 -γένναν

291 4065 378 4136 Iovis
407 4072 534 4159 aquilae
562 4073 730 4158 dicuntur,
773 4094 856 4160 quae
885 4095 987 4158 genus
1015 4074 1194 4160 leporinum
1222 4073 1387 4138 devorant.

291 4178 363 4244 Iam
385 4199 455 4243 eum
478 4181 516 4262 is,
538 4181 593 4265 qui
616 4181 768 4266 pabulum
790 4180 924 4266 praebet
945 4181 1146 4266 animalibus,
1169 4182 1244 4246 viva
1260 4170 1303 4248 'oa
1323 4201 1386 4246 ser·

292 4297 347 4352 vet
367 4309 406 4352 ae
427 4289 519 4374 quasi
540 4299 708 4371 sustentet,
730 4287 773 4354 ad
794 4311 851 4354 res.
866 4288 1046 4356 abstractas
1061 4289 1249 4354 translatum
1263 4299 1387 4356 suston-
