3220 5014
747 440 790 508 35

218 648 402 733 proculcare
422 645 552 732 proprie
581 643 761 728 significat,
789 644 983 729 neglegendi
1012 645 1080 710 sive
1110 646 1311 732 opprimendi

218 755 349 819 notione
370 762 552 839 usurpatur.
595 752 735 817 Exstant
755 761 864 817 autem
879 753 1025 838 exempla
1037 754 1144 818 omnia
1159 755 1193 818 in
1206 753 1313 840 Eum,

217 859 273 926 ubi
293 883 324 926 v.
349 861 409 927 150
428 861 578 944 leguntur
599 883 607 925 ι
1111 879 1114 886 ’

309 966 314 977 ’
417 968 494 1045 νέος
515 966 550 1033 δὲ
571 968 689 1053 γραίας
709 966 868 1051 δαίμονας
888 961 1106 1052 καθιππάσω,

219 1100 249 1143 v.
271 1077 330 1142 731
356 1100 364 1141 ι

352 1173 360 1192 ’
416 1183 490 1250 ἐπεὶ
510 1176 719 1266 καθιππάζει
738 1207 779 1269 με
800 1187 982 1270 πρεσβῦτιν
1001 1176 1088 1263 νεὸς,

219 1313 248 1356 v.
272 1291 331 1357 778
352 1313 419 1376 seq.
441 1319 481 1348 =
504 1313 535 1355 v.
557 1290 618 1356 808
639 1279 737 1377 seq:
813 1335 815 1344 ι

415 1388 465 1465 'lod
485 1400 563 1466 θεοὶ
582 1389 752 1484 νεώτεροι,
772 1400 937 1476 παλαίσας
958 1393 1083 1484 νόμους

415 1500 682 1573 καθιππάσασθε
703 1495 769 1571 κάκ
786 1510 896 1592 χερῶν
916 1503 1051 1573 εἵλεσθέ
1069 1528 1144 1591 μου.
1230 1557 1245 1564 ..

218 1613 390 1679 Praeterea
410 1614 473 1679 huo
493 1615 673 1701 pertinent,
703 1636 786 1701 quae
813 1613 898 1700 apud
920 1611 1107 1700 Euripidem
1128 1611 1225 1678 Herc.
1247 1612 1309 1678 fur.

219 1743 248 1787 v.
273 1722 348 1788 1001
373 1722 465 1786 nobis
489 1731 689 1789 occurrunt:

415 1819 580 1897 κάνθένδε
601 1825 687 1917 πρὸς
706 1831 865 1918 γέροντος
886 1823 1021 1898 ἱππεύει
1041 1823 1159 1913 φόνον.

218 1936 289 2018 Quo
310 1937 380 2003 loco
409 1934 546 2007 ἱππεύει
575 1939 616 2004 de
644 1938 784 2004 Hercule
813 1938 943 2022 dicitur,
974 1940 1029 2024 qui
1056 1937 1165 2003 liberis
1190 1939 1310 2004 suiset

217 2067 315 2110 uxore
336 2049 460 2112 necatis
481 2048 545 2112 iam
573 2047 660 2111 omni
689 2047 806 2112 furoris
833 2047 955 2132 impetu
985 2048 1019 2111 in
1050 2047 1150 2130 patris
1179 2045 1310 2112 caedem

217 2153 317 2218 irruit.
362 2153 415 2217 De
435 2153 556 2218 ferocia
576 2163 693 2237 autem,
716 2174 779 2239 qno
801 2154 873 2238 quis
895 2174 978 2240 equo
998 2155 1033 2217 in
1055 2174 1197 2242 pugnam
1221 2153 1308 2218 vehi·

218 2269 280 2343 tur,
311 2259 352 2324 ad
372 2259 578 2326 furibundum
605 2263 760 2348 impetum
788 2260 922 2326 verbum
953 2255 1110 2328 ἱππεύειν
1130 2260 1308 2345 transferri,

219 2388 282 2452 quo
304 2366 357 2432 ille
377 2367 418 2434 ad
431 2371 626 2455 propinquos
640 2368 877 2434 interficiendos
893 2370 1039 2454 accurrit,
1061 2377 1308 2435 consentaneum

219 2486 276 2543 est.
318 2475 473 2563 Idemque
502 2476 636 2542 verbum
665 2476 706 2542 de
737 2477 882 2543 Favonio
912 2497 1031 2563 magna
1059 2479 1093 2543 vi
1113 2479 1309 2559 irrumpente

216 2587 362 2671 usurpari
390 2609 430 2652 ex
459 2587 580 2652 Phoen.
602 2607 632 2650 v.
655 2586 714 2650 211
738 2605 827 2671 seqq.
858 2586 1043 2671 intelleges,
1072 2586 1128 2651 ubi
1149 2586 1228 2652 haec
1248 2587 1308 2652 tibi

216 2703 414 2760 occurrunt:
758 2711 760 2716 ·

713 2796 869 2887 Ζεφύρου
889 2815 1010 2879 πνοαῖς

514 2903 741 2987 ἱππεύσαντος
761 2909 800 2976 ἐν
820 2899 954 2997 ούράνῳ

512 3012 693 3086 κάλλιστον
712 3012 888 3105 κελάδημα.

298 3125 368 3191 Iam
389 3128 489 3211 igitur
518 3126 558 3192 de
587 3127 850 3192 translationibus
872 3125 1100 3211 disputandum
1129 3136 1194 3209 est,
1225 3148 1307 3213 quae

216 3231 257 3298 de
276 3233 484 3299 accelerando
506 3255 661 3319 equorum
682 3255 776 3300 cursu
797 3234 959 3320 boumque
986 3254 1099 3318 gressu
1121 3232 1307 3320 desumptae

216 3351 299 3405 sunt.
340 3339 381 3406 In
402 3341 517 3427 quibus
538 3342 658 3425 primas
679 3351 787 3427 partes
809 3341 971 3424 obtinent,
1001 3361 1084 3426 quae
1113 3339 1154 3406 de
1174 3340 1306 3406 vocibus

215 3449 356 3534 κέντρον
377 3458 409 3514 et
432 3445 563 3534 οἶστρος
585 3451 654 3514 sive
673 3449 721 3514 de·
735 3450 790 3530 iis,
820 3471 903 3536 quae
922 3459 979 3514 aut
1000 3450 1230 3536 compositione
1250 3459 1306 3514 aut

216 3555 414 3623 derivatione
435 3555 477 3621 ab
499 3556 560 3621 illis
582 3567 672 3622 ortae
693 3566 785 3639 sunt,
813 3557 978 3643 profectae
998 3558 1213 3622 inveniuntur.
1255 3556 1307 3621 Ao

215 3666 256 3730 de
278 3665 405 3732 stimulo
427 3663 556 3751 quidem
577 3665 711 3752 petitam
725 3665 809 3750 apud
825 3663 1021 3752 Aeschylum
1036 3666 1306 3751 comparationem

214 3772 385 3854 habemus,
414 3795 455 3838 ex
482 3793 546 3859 qua
574 3792 636 3857 quo
667 3772 762 3837 modo
792 3773 924 3858 aurigae
944 3772 1005 3837 hoo
1025 3774 1237 3838 instrumento
1258 3772 1306 3837 uti
1351 3843 1357 3853 ,

214 3882 354 3947 solerent
381 3879 423 3947 ad
451 3899 550 3966 equos
581 3880 762 3945 incitandos
791 3891 907 3965 poetae
936 3901 1003 3959 non
1030 3882 1177 3964 ignotum
1207 3880 1306 3945 fuisse

214 3989 366 4074 perlucet.
417 3988 478 4054 Est
499 3989 584 4058 enim
605 3988 660 4053 illa
681 3989 875 4074 comparatio
898 3988 991 4054 Eum.
1013 4008 1043 4051 v.
1066 3988 1127 4057 155
1147 4008 1237 4074 seqq.
1259 3988 1305 4051 ita

214 4116 396 4182 expressa:

413 4203 488 4289 ἐμοὶ
508 4204 537 4268 δ
558 4193 689 4280 ὄνειδος
709 4201 746 4283 ἐξ
765 4191 952 4288 ὀνειράτων
970 4196 1079 4288 μολὸν

412 4309 537 4397 ἔτυψεν
557 4312 653 4378 δὶκαν
674 4304 882 4398 διφρηλάτου

1058 4427 1079 4489 3
1089 4427 1107 4466 R
