3220 5014
723 455 920 556 *14*

269 659 466 747 ‘proculcans
491 683 555 727 non
586 661 683 747 pede,
714 661 771 727 sed
798 663 1047 728 exsecratione:
1078 683 1176 728 osnae
1204 659 1368 748 proculca-

279 771 398 835 tionem
419 771 496 836 diris
517 769 711 835 includens‘
755 770 905 856 Denique
933 769 973 834 de
1002 766 1157 836 vocabulo
1186 760 1367 836 ἄπολακτι-

279 871 359 961 σμὸς
380 877 580 963 desumptam
601 877 843 943 translationem
863 877 1017 942 hahemus
1031 877 1142 964 Suppl.
1157 901 1187 941 v.
1202 878 1265 944 936
1275 900 1341 964 seq.
1357 902 1366 942 ε

414 1093 417 1098 Ι
625 995 710 1070 αλλὰ
731 998 841 1070 πολλὰ
862 1006 1008 1089 γίγνεται
1028 997 1137 1089 πάρος

476 1107 636 1198 πεσήματ’
657 1101 789 1198 ἀνδρῶν
809 1102 1075 1196 κάπολακτισμοὶ
1095 1112 1188 1192 βίων,

280 1258 363 1322 quae
383 1247 471 1303 recte
492 1239 589 1304 vertit
610 1238 747 1304 Bothius
771 1261 777 1301 :
802 1238 876 1323 ,sed
897 1239 1016 1304 multae
1037 1247 1133 1302 antea
1152 1236 1233 1301 fiunt
1255 1235 1367 1301 caedes

280 1347 421 1411 virorum
441 1348 590 1432 vitasque
621 1345 789 1412 iacturae.“
840 1347 954 1413 Restat
986 1346 1159 1412 similitudo
1187 1344 1368 1429 Aeschylos

280 1451 451 1519 admodum
473 1455 654 1540 singularis,
677 1477 771 1541 quam
793 1455 855 1520 huc
875 1456 995 1520 referre
1017 1453 1178 1520 debemus.
1220 1452 1306 1518 Nam
1327 1451 1366 1516 fr.

279 1560 340 1626 238
361 1559 440 1626 haec
460 1561 553 1627 nobis
574 1573 744 1628 occurrunt
765 1588 773 1628 ε

479 1688 555 1766 νέας
576 1683 731 1773 γυναικὸς
753 1681 794 1756 od
813 1712 854 1774 με
874 1683 916 1776 μὶ
940 1683 1030 1773 λάθῃ
1051 1689 1184 1773 φλέγων

480 1786 667 1881 ὀφθαλμὸς,
688 1787 759 1882 ἥτις
779 1787 900 1882 ἀνδρὸς
920 1781 941 1882 ᾖ
960 1797 1152 1883 γεγευμένη·

481 1901 546 1988 ἔχω
567 1904 603 1969 δὲ
623 1897 757 1970 τούτων
777 1897 890 1989 θυμὸν
910 1898 1160 1990 ἱππογνοὸμονα.

283 2028 447 2094 Vocabulo
475 2039 581 2095 autom
610 2023 838 2115 ἱππογνώμων
865 2051 937 2094 eum
964 2029 1156 2114 significari,
1186 2030 1241 2115 qui
1269 2050 1368 2114 equas

282 2135 432 2221 gravidas
460 2137 502 2202 ab
536 2137 605 2202 aliis
638 2139 825 2204 internoscit
856 2160 896 2204 ex
924 2137 1087 2222 Hesychio
1117 2137 1367 2221 cognoscimus:

282 2237 524 2329 ἱππογνώμοον·
558 2241 682 2321 ἵππους
714 2238 941 2330 διαγινώσκων
967 2238 1107 2329 ἐγκύους
1135 2235 1154 2308 i
1181 2237 1235 2329 μή.
1280 2244 1369 2308 Dicit

282 2352 379 2436 igitur
411 2354 455 2432 is,
486 2354 574 2418 cuius
603 2353 703 2418 verba
732 2353 896 2436 illusum,
928 2375 964 2418 se
984 2354 1151 2418 mulierum
1173 2351 1368 2418 condicionis

283 2481 347 2525 non
367 2462 472 2526 minus
493 2462 630 2547 peritum
653 2483 729 2544 esse,
752 2482 847 2547 quam
868 2482 1022 2547 equarum
1044 2482 1131 2544 eum,
1162 2462 1223 2545 qui.
1245 2460 1370 2524 illarum

282 2578 429 2634 naturam
450 2569 643 2634 noscendam
674 2569 734 2633 sibi
764 2571 974 2654 proposuerit.
1025 2569 1174 2654 Denique
1202 2569 1298 2634 etiam
1329 2590 1370 2634 ex

281 2676 438 2762 Euripide
458 2698 556 2742 unum
576 2677 733 2762 reliquum
754 2687 804 2742 est
825 2679 1042 2743 translationis
1065 2677 1255 2763 exemplum,
1283 2675 1369 2762 quod

282 2782 344 2847 huc
375 2785 542 2869 pertineat.
601 2785 746 2850 Dicimus
785 2787 869 2852 enim
900 2785 991 2852 verbi
1022 2775 1245 2870 ἄναχαιτὶζειν
1275 2805 1368 2848 usum

283 2890 543 2976 metaphoricum,
565 2893 620 2977 qui
640 2890 738 2977 Hipp.
761 2914 791 2958 v.
815 2893 895 2960 1232
916 2893 1009 2958 nohis
1031 2895 1197 2958 occurrit:

629 3012 692 3092 ἕως
713 3015 833 3102 ἔσφηλε
854 3007 1093 3102 κᾶνεχαίτισεν,

283 3141 337 3206 ubi
358 3142 399 3207 ad
421 3164 547 3207 currum
568 3153 663 3229 poeta
684 3144 856 3228 transtulit,
879 3142 964 3229 quod
979 3145 1089 3229 propio
1106 3143 1146 3208 ds
1160 3165 1241 3230 equo
1257 3103 1369 3209 orechis

285 3250 367 3315 iubis
388 3272 424 3315 se
444 3249 597 3316 efferente
618 3250 741 3316 dicitnr.
785 3250 876 3316 Idem
904 3250 1038 3316 verbum
1066 3251 1152 3338 apud
1179 3250 1370 3337 Sophoclem

283 3361 448 3424 inventum
481 3357 597 3424 Snidas
637 3360 684 3422 ita
715 3359 883 3443 explicat:
916 3348 1133 3442 ἀναχαιτίζει·
1166 3348 1369 3442 ἄναποδίςει,

283 3459 448 3550 ἐγκόπτει.
489 3455 721 3550 Άναχαιτίζειν
741 3469 940 3550 Σοφοκλῐς,
968 3460 1009 3532 τὸ
1031 3456 1187 3533 ἀπειθεῖν
1205 3456 1305 3532 xal'
1282 3489 1371 3532 αντι-

283 3574 413 3640 τείνειν.
457 3574 602 3653 Quocum
625 3576 785 3640 consentit
805 3573 961 3660 Hesychii
977 3576 1182 3660 explicatio.
1204 3565 1371 3659 ἀναχαιτί-

284 3686 369 3763 ζειν
391 3671 557 3762 ἀπειθεῖν,
580 3671 811 3767 α’ναχαλινοῦν

366 3790 436 3855 Iam
456 3792 555 3875 igitur
576 3791 726 3877 quoniam
747 3791 923 3876 imaginum
945 3793 1069 3878 copiam
1099 3791 1141 3856 ab
1163 3792 1236 3877 equi
1256 3800 1372 3856 natura

285 3899 457 3983 petitarum
478 3897 689 3982 exhausimus,
712 3921 765 3963 eas
787 3899 1008 3964 similitudines
1030 3909 1269 3985 pertractemus,
1292 3917 1371 3984 quas

285 4019 305 4067 a
325 4014 417 4070 tauro
437 4007 569 4092 eiusque
589 4016 703 4070 natura
724 4016 859 4092 uterque
880 4017 976 4092 poeta
997 4006 1180 4092 desumpsit.
1223 4007 1274 4070 Ac
1288 4025 1371 4068 eom-

286 4112 392 4197 pluros
413 4114 618 4178 inveniuntur
638 4114 708 4197 loci,
739 4115 853 4200 quihus
881 4124 1013 4200 propter
1038 4115 1198 4198 mugitum
1225 4113 1258 4176 in
1288 4132 1372 4176 com-

286 4221 484 4305 parationem
506 4220 564 4286 hos
584 4234 726 4286 vocatur.
778 4221 849 4300 Quo
878 4223 1056 4310 pertinent,
1090 4242 1171 4306 quae
1193 4219 1372 4307 Aeschylus

286 4329 472 4418 scripsitir.
493 4328 563 4394 55:
