3220 5014
692 453 729 522 19

164 657 280 744 quippe
301 657 357 742 qui
377 679 417 722 ex
438 655 526 738 Ione,
548 679 644 743 quam
664 656 746 722 Iuno
767 659 801 722 in
821 679 951 724 vaccam
966 669 1155 744 mutaverat,
1175 657 1248 725 Iovi

161 774 255 829 natus
276 767 327 829 sit.
370 763 490 829 Vocem
512 775 618 831 autem
639 759 760 851 κόροις
782 765 892 831 eadem
923 766 1155 850 significatione
1174 789 1247 852 pro·

161 875 231 958 prie
250 873 411 957 usurpari,
441 893 504 958 qua
523 866 662 957 μόσχος,
691 895 732 937 ex
760 873 986 959 Aristophanis
1016 875 1165 960 Byzantii
1194 875 1247 940 illo

160 980 248 1062 loeo,
279 1000 373 1064 quem
402 979 526 1065 supra*
553 980 767 1060 laudavimus,
800 1003 992 1064 cognoscere
1013 983 1096 1048 licet.
1138 983 1252 1048 Restat

163 1087 302 1172 denique
323 1087 399 1151 illud
420 1086 633 1172 proverbium,
656 1088 742 1174 quod
756 1089 873 1173 Agam.
887 1111 918 1154 v.
933 1090 974 1154 36
988 1110 1054 1174 seq.
1069 1092 1251 1156 iuvenitur:

556 1199 638 1276 βοῦς
658 1194 714 1262 ἐπὶ
734 1190 864 1281 γλώσσῃ
884 1197 986 1284 μέγας

409 1304 558 1385 βέβακεν.

163 1409 253 1489 Quae
274 1410 373 1476 verba
394 1411 470 1496 quid
491 1412 551 1476 sibi
570 1411 681 1495 velint,
704 1414 760 1477 vix
779 1412 945 1478 diiudicari
966 1415 1094 1498 poterit.
1137 1411 1251 1499 Neque

162 1519 247 1583 enim
268 1518 355 1584 aliud
377 1519 549 1605 quidquam
571 1521 773 1606 perspicuum
796 1519 931 1604 videtur,
952 1522 1024 1602 nisi,
1049 1520 1082 1586 id
1103 1520 1189 1606 quod
1210 1541 1251 1585 ex

162 1626 461 1712 lexicographorum
503 1637 536 1692 et
577 1627 936 1714 paroemiographorum
986 1628 1251 1713 explicationibus

163 1743 305 1819 apparet,
328 1755 438 1798 vocem
459 1738 540 1816 βοῦς
561 1737 682 1800 nummi
702 1737 804 1800 instar
832 1735 893 1800 hoc
922 1736 992 1800 loco
1013 1758 1100 1819 esse,
1129 1736 1251 1822 reliqua

163 1843 284 1906 incerta
305 1863 375 1907 esse
397 1841 455 1907 tibi
476 1844 691 1928 persuadebis.

244 1947 313 2014 lam
334 1972 411 2014 vero
433 1952 579 2016 omnibus
610 1950 904 2036 comparationibus
924 1951 1251 2038 translationibusque

163 2059 310 2143 peractis,
333 2079 415 2143 quae
435 2060 502 2123 sive
523 2060 564 2123 de
586 2061 659 2144 equi
680 2061 748 2124 sive
769 2058 810 2123 de
830 2061 915 2124 tauri
928 2069 1043 2124 natura
1060 2060 1100 2124 ab
1115 2070 1251 2145 utroque

164 2176 260 2252 poeta
279 2169 398 2252 petitae
419 2176 512 2249 sunt,
544 2166 620 2251 quid
650 2166 725 2230 inde
750 2166 919 2250 colligatur
940 2166 980 2231 ad
1002 2166 1127 2232 illorum
1147 2177 1250 2235 artem

163 2285 196 2340 et
227 2275 365 2339 indolem
393 2273 668 2358 cognoscendam,
698 2283 765 2339 tum
795 2273 922 2338 demum
953 2294 1165 2359 exponemus,
1195 2275 1251 2339 ubi

162 2384 261 2447 totius
281 2381 374 2446 huius
395 2383 522 2466 generis
545 2382 660 2446 similia
681 2381 721 2445 ad
742 2381 839 2447 finem
860 2382 1109 2467 perduxerimus.
1142 2381 1250 2461 Quare

162 2491 195 2553 iu
216 2491 270 2554 via
289 2499 399 2554 nostra
420 2487 662 2573 progrediamur
683 2509 827 2574 quaeque
856 2489 896 2554 de
922 2489 1105 2554 animalium
1126 2489 1250 2554 illorum

162 2619 219 2661 usu
235 2587 274 2668 'in
295 2619 374 2682 agro
396 2597 583 2678 colendoet
602 2599 636 2660 iu
657 2596 802 2662 vehendo
824 2594 1060 2682 equitandoque
1081 2597 1249 2682 desumpta

162 2715 236 2770 sunt
257 2705 372 2770 similia
393 2714 632 2790 pertractemus.
675 2705 725 2769 Ac
747 2706 883 2789 primum
905 2703 1049 2789 quidem,
1084 2705 1186 2789 qualis
1207 2706 1249 2770 sit

162 2835 237 2878 usus
259 2813 333 2898 equi
353 2811 518 2897 quadrigis
539 2812 708 2893 subiuncti,
730 2834 827 2897 supra
845 2813 909 2876 iam
923 2813 1247 2896 commemoravimus,

163 2921 217 2985 ubi
231 2921 271 2985 de
284 2920 400 3003 Agam.
416 2941 446 2984 v.
464 2919 545 2985 1639
559 2941 648 3005 seqq.
664 2920 905 3004 disputavimus.
937 2918 1023 2984 Nam
1037 2928 1093 2982 aut
1107 2917 1248 2984 funalem

164 3047 233 3092 esse
253 3038 308 3092 aut
327 3029 468 3112 iugalem
482 3050 609 3114 equum,
630 3029 685 3113 qui
707 3027 767 3092 hoc
781 3049 912 3093 munere
927 3028 1081 3112 fungitur,
1102 3027 1248 3094 attributi

162 3129 361 3222 σειραφόρος
402 3135 671 3221 significationem
713 3137 910 3222 explicantes
950 3136 1246 3202 demonstravimus.

161 3243 232 3308 Iam
253 3246 351 3328 igitur
378 3253 499 3310 ceteras
527 3243 747 3310 similitudines
771 3242 833 3307 huc
853 3243 951 3308 affere
971 3243 1073 3326 liceat,
1102 3265 1184 3329 quae
1205 3241 1247 3309 ab

162 3350 273 3417 eadem
292 3374 329 3416 re
349 3351 513 3438 profectae
533 3362 617 3417 sunt.
660 3353 769 3437 Atque
790 3353 906 3417 iterum
923 3352 1052 3438 quidem
1068 3353 1247 3416 invenimus

161 3459 263 3543 ipsum
285 3459 474 3524 vocabulum
495 3452 694 3546 σειραφόρος
714 3459 866 3544 Aeschyli
888 3459 1004 3544 Agam.
1026 3481 1056 3523 v.
1080 3459 1139 3524 841
1153 3480 1246 3544 seq:

307 3561 411 3652 μόνος
431 3567 459 3632 d
480 3557 655 3648 Ὀδυσσεὺς,
678 3555 783 3653 ὅσπερ
805 3557 866 3651 cdx
888 3563 975 3632 ἕκοον
995 3564 1088 3635 ἔπλει

310 3677 460 3759 ζευχθεὶς
482 3671 613 3760 ἕτοιμος
634 3661 675 3760 ἦν
695 3674 770 3760 ἐμοὶ
788 3668 998 3761 σειραφόρος,

162 3783 217 3848 ubi
248 3785 320 3868 equi
349 3783 464 3848 funalis
493 3785 595 3848 instar
625 3782 686 3848 sibi
714 3784 855 3848 iunctum
886 3782 986 3847 fuisse
1006 3780 1137 3848 Ulixem
1157 3780 1245 3864 Aga-

161 3912 311 3956 memnon
331 3889 423 3974 dicit,
452 3891 570 3976 qnippe
598 3892 652 3975 qui
681 3910 790 3955 omnes
811 3890 937 3955 labores
958 3910 1030 3954 cum
1052 3889 1121 3974 ips'o
1143 3886 1246 3954 feren·

163 3999 219 4064 dos
255 3999 437 4083 susceperit.
484 3989 640 4082 Ἕτοιμοο
675 4009 781 4063 autem
816 4019 888 4062 cum
922 3997 1008 4062 dicat
1044 3989 1247 4083 σειραφόρον

161 4107 258 4190 illum,
280 4108 354 4191 equi
374 4108 482 4189 instar,
503 4107 559 4190 qui
579 4107 613 4170 in
633 4105 778 4170 vehendo
800 4125 930 4191 operam
961 4113 1059 4169 navet
1080 4126 1118 4168 ao
1137 4103 1247 4168 labore

229 4319 245 4352 ⁴
262 4321 325 4390 Pag.
347 4326 385 4372 1⁷.

1003 4414 1049 4478 2*
