3220 5014
838 382 881 452 50

307 585 487 670 profectas,
529 605 629 671 quae,
669 585 724 650 uhi
764 585 894 672 plantae
925 594 1159 670 provenerunt,
1200 596 1402 651 enascuntur.

309 692 451 771 Quarum
475 693 648 780 pleraeque
667 693 708 758 sd
730 692 903 761 liberorum
925 702 1039 776 ortum,
1062 693 1233 760 nonnullae
1247 695 1344 760 ctiam
1361 694 1404 760 ad

307 799 385 864 alias
407 800 562 886 quasdam
584 823 636 866 res
658 800 828 870 transferri
850 799 962 866 solent.
1006 800 1117 886 Atque
1138 801 1171 864 in
1193 799 1254 864 hoc
1276 823 1403 887 quoque

306 930 424 993 genere
446 910 524 974 satis
547 909 649 976 multa
670 918 747 978 sunt
768 908 942 990 voeabula,
972 929 1055 990 quae
1085 929 1157 972 cum
1179 909 1403 974 translationes

307 1015 348 1081 ab
371 1018 408 1082 iis
430 1018 552 1101 petitae
573 1017 652 1082 nihil
674 1016 838 1100 singulare
858 1015 1051 1102 praebeant,
1079 1017 1266 1082 nominatim
1288 1017 1403 1084 afferre

306 1125 384 1194 satis
414 1126 483 1190 erit.
539 1124 624 1190 Sunt
645 1133 752 1188 autem
773 1123 853 1189 hacc
874 1146 882 1188 t
903 1115 1084 1208 βλάστημα,
1104 1117 1304 1209 discerptis,
1324 1128 1402 1205 βλα-

306 1227 435 1334 στάνον,
457 1225 692 1316 triplicandam,
712 1225 842 1316 χλωρὸς
864 1231 933 1298 sive
951 1225 1107 1316 χλοερός,
1129 1224 1264 1309 Seium,
1287 1232 1401 1312 θαλία,

304 1334 429 1423 θάλος,
458 1333 622 1425 θαλερὸς,
651 1329 861 1424 ἀμφιθαλὴς,
891 1333 1073 1423 νεοθαλὴς,
1095 1329 1212 1419 ἄνθος,
1243 1328 1401 1424 ἀνθηρὸς,

303 1438 551 1534 οἷνθεμουργός,
581 1437 714 1527 doceo,
746 1445 914 1528 ἐξανθέοο,
945 1444 1135 1530 ἔπανθίςοο,
1169 1436 1398 1530 ἀνθεμίζομαι.

303 1555 374 1621 Νοο
395 1555 511 1620 desunt
534 1554 761 1621 translationes
783 1552 823 1617 de
839 1552 972 1620 vocibus
993 1553 1064 1633 illis,
1087 1575 1171 1638 quae
1185 1573 1319 1636 germen
1332 1555 1398 1617 sive

302 1683 427 1730 ramum
442 1660 635 1746 significant,
657 1661 831 1746 profectae.
876 1661 986 1747 Atque
1000 1660 1077 1726 illud
1093 1657 1197 1745 ἔρνος,
1220 1682 1283 1746 quo
1301 1671 1398 1726 meta·

302 1770 433 1856 phorice
444 1769 620 1855 Sophocles
641 1791 717 1837 usus
741 1779 799 1852 est,
822 1791 863 1836 ne
883 1771 1001 1834 nostris
1024 1769 1152 1854 quidem
1174 1770 1277 1854 poetis
1299 1769 1398 1833 deest.

302 1876 470 1944 Invenitur
500 1878 585 1944 enim
616 1877 702 1963 apud
735 1876 931 1962 Aeschylum
967 1879 1082 1960 Agam.
1116 1898 1146 1941 v.
1177 1875 1273 1958 1525,
1305 1876 1398 1940 Eum.

302 2006 332 2047 v.
354 1985 413 2050 661
446 1995 479 2050 et
508 1985 588 2067 666,
619 1985 705 2070 apud
737 1984 924 2070 Euripidem
957 1984 1078 2052 Phoen.
1111 2006 1142 2048 v.
1170 1984 1247 2066 191,
1280 1982 1398 2051 Troad.

301 2114 332 2156 v.
355 2093 424 2176 761,
455 2091 572 2159 Bacch.
595 2114 626 2157 v.
651 2093 740 2158 1307.
793 2091 963 2158 Accedunt
994 2091 1151 2158 vocabula
1183 2083 1339 2175 πτόρθος
1366 2101 1400 2156 et

301 2190 380 2283 ὄζος
400 2199 442 2267 ab
466 2199 577 2266 eodem
598 2199 754 2286 Euripide
774 2209 935 2286 usurpata,
959 2220 1093 2285 quorum
1115 2198 1192 2264 illud
1207 2198 1288 2264 Hec.
1304 2220 1335 2264 v.
1346 2199 1397 2281 20,

300 2306 361 2372 hoo
392 2307 511 2376 ibidem
543 2329 572 2370 v.
606 2307 665 2374 125
701 2319 733 2373 et
764 2305 835 2392 Iph.
865 2307 939 2372 Aul.
972 2329 1003 2372 v.
1031 2307 1094 2372 202
1125 2305 1219 2370 nobis
1251 2307 1397 2371 occurrit.

300 2415 474 2484 Praeterea
494 2414 658 2482 afferenda
680 2423 754 2482 sunt
770 2414 928 2482 vocabula
948 2406 1077 2501 καρπὸς
1093 2413 1184 2498 (Eur.
1199 2413 1270 2479 Ion.
1286 2436 1315 2478 v.
1325 2413 1397 2495 922,

299 2524 350 2589 El.
371 2545 402 2590 v,
427 2522 516 2605 1346,
545 2521 662 2588 Aesch.
686 2522 779 2588 Eum.
801 2543 831 2585 v.
855 2522 932 2605 831,
965 2521 1076 2607 Suppl.
1099 2543 1130 2587 u.
1153 2521 1227 2602 761,
1258 2521 1347 2606 Sept.
1371 2544 1397 2585 o.

300 2630 360 2696 Th.
383 2630 612 2712 emerere),
645 2623 786 2714 καρπόα
817 2631 884 2694 sive
904 2632 1096 2714 καρποῦμαι
1126 2629 1217 2712 (Eur.
1241 2627 1397 2698 Androm.

300 2759 330 2806 v.
353 2737 424 2821 935,
445 2736 544 2822 Hipp.
567 2759 596 2801 v.
621 2737 710 2820 1427,
733 2736 771 2801 fr.
796 2739 887 2820 575,Ι
905 2736 1022 2804 Aesch.
1045 2736 1135 2804 Pers.
1155 2758 1185 2801 v.
1208 2736 1280 2819 821,
1307 2735 1396 2821 Sept.

301 2867 327 2908 c.
349 2843 410 2909 Th.
433 2865 463 2908 v.
485 2844 564 2926 593,
595 2846 712 2928 Agam.
735 2867 764 2908 v.
787 2844 850 2910 502
872 2853 903 2908 et
924 2844 1018 2928 621),
1046 2841 1278 2929 ἐκκαραοῦμαι
1306 2843 1396 2927 (Eur.

299 2950 370 3015 Ion.
392 2973 422 3014 v.
445 2951 540 3035 815),
571 2950 813 3037 ἐκκαραίζομαι
842 2952 975 3036 (Aesch.
997 2952 1087 3036 Sept.
1118 2974 1145 3016 c.
1167 2949 1227 3016 Th.
1259 2973 1289 3014 v.
1311 2951 1397 3034 601),

300 3053 466 3146 κάρπιμος
496 3058 587 3142 (Eur.
610 3059 683 3126 Hel.
713 3081 743 3126 v.
770 3059 847 3142 112,
878 3059 916 3125 fr.
938 3059 1001 3126 419
1028 3080 1058 3124 v.
1081 3059 1120 3144 3,
1150 3059 1189 3124 fr.
1211 3059 1270 3124 757
1299 3080 1329 3122 v.
1352 3059 1396 3141 6),

300 3156 502 3252 ἄνάρποοτος
524 3167 655 3247 (Aesch.
668 3167 763 3249 Eum.
779 3189 810 3231 v.
826 3168 912 3250 714),
933 3155 1139 3251 ἀκάρπιστος
1161 3166 1253 3249 (Eur.
1276 3165 1397 3236 Phoen.

301 3296 331 3338 v.
352 3274 438 3356 210),
460 3267 693 3359 πικρόκαρπος
716 3272 849 3358 (Aesch.
869 3273 959 3358 Sept.
984 3295 1010 3337 o.
1033 3272 1093 3338 Th.
1117 3295 1146 3337 v.
1170 3273 1256 3357 693).

383 3379 536 3466 Sequitur
579 3380 730 3448 adiectivi
771 3381 893 3446 πέπων
934 3401 1011 3446 usus
1052 3380 1300 3466 metaphoricos,
1343 3381 1397 3466 qui

302 3487 455 3574 Aeschyli
477 3487 570 3553 Eum.
593 3510 622 3550 v.
646 3489 687 3554 66
708 3498 843 3554 exstat:

470 3594 622 3681 ἐχθροῖσι
641 3609 713 3674 τοῖς
734 3609 805 3674 σοῖς
826 3584 869 3662 ori
889 3588 1068 3681 γενήσομαι
1087 3595 1218 3674 aanor,

301 3703 357 3767 ubi
387 3702 473 3771 idem
505 3705 573 3772 fere
605 3703 766 3788 significat
797 3703 919 3772 πέπων
949 3713 1046 3789 atque
1078 3704 1164 3772 mitis
1196 3705 1264 3770 sive
1295 3725 1396 3772 mnis.

300 3811 559 3877 Translationem
581 3823 688 3877 autem
710 3811 751 3876 ab
774 3833 811 3876 eo
833 3811 1002 3896 proficisci,
1027 3811 1113 3896 quod
1134 3813 1252 3879 maturi
1273 3811 1396 3882 fructus

301 3921 412 3985 molles
434 3919 528 3984 simul
554 3929 653 4005 atque
682 3921 776 3988 mites
804 3928 896 4002 sunt,
928 3927 1178 3984 consentaneum
1199 3929 1257 3985 est.
1302 3919 1395 3984 Oom·

301 4031 481 4115 parativam
503 4027 619 4093 deinde
639 4027 792 4092 hahemus
814 4028 898 4093 illius
921 4025 1068 4092 vocabuli
1090 4027 1206 4110 Agam.
1229 4049 1259 4090 v.
1286 4027 1365 4096 1365
1387 4051 1394 4092 :

501 4137 688 4222 πεπαιτέρα
708 4129 770 4223 γὰρ
790 4147 890 4223 μοῖρα
911 4139 970 4221 τῆς
990 4134 1195 4220 τυραννίδος,

302 4267 385 4332 quae
398 4255 524 4311 vertere
538 4244 612 4310 licet
627 4269 635 4310 :
653 4267 758 4330 „mors
780 4246 865 4312 enim
888 4243 1052 4330 tyrranidc
1073 4244 1181 4311 mitior
1201 4242 1278 4310 est.“
1302 4241 1394 4326 ¹Ter-
