3220 5014
888 449 926 516 18

806 539 1001 550 ——n-—u——u-

362 651 478 718 Altera
497 649 613 716 deinde
633 652 758 736 imago,
788 673 885 737 quem
913 649 1053 716 eiusdem
1075 649 1202 716 febulee
1222 673 1252 716 v.
1273 649 1336 716 525
1356 670 1444 738 seqq.

362 760 527 843 legimur:

557 867 669 932 λεκτοὶ
690 866 718 931 ό
740 855 877 950 Ἀχαιῶν
898 863 1043 952 ἔκκριτοι
1063 867 1192 932 νεανίαι

557 974 718 1058 σκίρτημα
738 967 866 1058 μόσχου
886 976 944 1059 σῆς
963 973 1165 1054 καθέξοντες
1183 986 1304 1058 χεροῖν,

559 1077 714 1159 ἕσποντο,

362 1186 402 1251 ad
424 1185 557 1252 eandem
579 1187 777 1273 Polyxenam
799 1197 932 1272 spectat,
966 1209 1163 1274 quaequam
1185 1196 1369 1252 constanter
1389 1189 1444 1254 im·

362 1294 564 1366 moletienem
580 1294 712 1362 subierit
723 1294 914 1380 Talthybius
929 1296 1011 1364 illiue
1026 1297 1119 1362 metri
1133 1294 1286 1362 Hecubae
1308 1297 1444 1361 nuntiet.

362 1403 533 1470 Praeterea
560 1403 623 1468 lrue
647 1404 810 1489 pertinent
842 1413 874 1467 et
904 1425 986 1489 quae
1013 1401 1084 1488 [ph.
1106 1402 1180 1468 Aul.
1202 1423 1232 1468 v.
1258 1403 1335 1468 1080
1355 1423 1443 1488 eeqq.

361 1510 402 1576 de
423 1509 616 1578 immolanda
637 1511 888 1595 Agamemnonis
907 1510 973 1576 filia
994 1510 1107 1576 chorus
1129 1510 1280 1595 profert:

558 1619 593 1686 el
612 1619 653 1703 ὅ,
675 1605 704 1685 ὦ
722 1613 818 1704 κόρα,
839 1619 999 1703 στέψουσι
1017 1610 1224 1703 καλλικόμαν

557 1719 733 1812 πίόκαμον
756 1715 902 1812 Ἀργεῖοι,
921 1719 1041 1808 βαλιὰν

558 1825 643 1900 ὥστε
665 1834 834 1918 πετραίων
855 1825 912 1899 ἄπ’
934 1825 1066 1919 όντροον

558 1940 726 2008 ἐλθοῦσαν
746 1930 856 2027 ὀρέων
874 1935 1000 2026 μόσχον
1020 1931 1197 2026 όκήρατον,
1577 1953 1578 1956 ’

557 2043 713 2134 βρότειον
734 2042 950 2133 αἱμάσσοντες
970 2042 1100 2134 λαιμόν,

361 2167 393 2222 et
414 2179 496 2244 quae
516 2156 556 2226 de
577 2179 612 2222 ue
633 2158 702 2242 ipen
722 2157 777 2224 ille
795 2157 875 2224 dicit
894 2156 965 2242 lph.
987 2155 1083 2226 Tem.
1106 2180 1137 2222 v.
1158 2157 1220 2222 359
1241 2177 1337 2241 seq:

560 2249 600 2332 orl
620 2265 653 2350 μ’
675 2255 760 2334 ὥστε
780 2259 907 2349 μόσχον
926 2265 1084 2334 Δαναΐδαι
1102 2257 1310 2350 χειρούμενοι

558 2369 712 2454 ἔσφαζον,
734 2365 822 2457 ἱρεὺς
842 2372 871 2436 ό
891 2357 932 2456 ἦν
952 2362 971 2437 ὃ
992 2365 1149 2456 γεννήσας
1168 2364 1289 2457 πατήρ.

360 2479 528 2548 Aeeedunt
549 2481 610 2544 loei
640 2479 801 2563 nonnulli,
837 2479 951 2565 quibus
982 2479 1170 2545 vocabulum
1193 2472 1317 2564 μόσχος
1348 2488 1444 2545 meta-

360 2589 489 2674 phorice
510 2597 641 2673 usurpet
643 2608 696 2656 um
717 2609 782 2653 non
801 2587 844 2652 ad
864 2586 984 2652 enimul
1004 2587 1082 2654 illud
1103 2595 1236 2672 spectet,
1266 2587 1351 2672 qued
1377 2585 1442 2652 diin

360 2696 515 2762 immolari
536 2695 625 2777 solet,
648 2694 703 2759 eed
724 2695 909 2780 simpliciter
938 2694 978 2760 de
1006 2703 1116 2760 tenere
1143 2693 1238 2758 boum
1265 2693 1376 2762 subole
1402 2694 1443 2760 ed

360 2813 502 2868 teneram
523 2802 684 2868 hominum
706 2812 846 2868 nentem
866 2803 1012 2868 transitio
1033 2801 1079 2870 fit.
1119 2801 1174 2866 Ite
1204 2802 1302 2885 igitur
1323 2801 1443 2868 intelle-

360 2911 465 2995 genda
485 2919 569 2994 eunt,
591 2931 673 2995 qnae
694 2909 734 2975 de
747 2909 933 2993 Hermione,
957 2908 1094 2976 Menelai
1107 2908 1182 2994 filiu,
1204 2909 1334 2976 Peleum
1349 2917 1444 2994 poete

359 3018 517 3084 dicentem
538 3016 617 3084 feeit
637 3017 792 3082 Androm.
814 3039 844 3082 v
867 3017 922 3082 lll
947 3038 1046 3102 seq:

556 3234 731 3310 τίκτοντας
750 3224 883 3312 ἄλλους,
905 3222 967 3302 onix
987 3222 1158 3316 ἕχουό’
1115 3227 1200 3318 αντὴ
1218 3233 1328 3300 τέκνα.

357 3339 466 3424 Atque
488 3340 630 3406 eodem
621 3363 689 3407 rure
710 3343 824 3424 Agave
839 3340 1017 3408 Pentheum
1038 3340 1138 3406 filium
1158 3335 1285 3426 μόσχον
1304 3341 1443 3426 appellet

236 3479 238 3488 ·
358 3445 475 3511 Bacch.
497 3468 527 3510 v.
554 3448 633 3512 1184
654 3469 730 3533 req,
752 3449 807 3514 ubi
827 3448 908 3514 haee
929 3447 1084 3518 habemus
1105 3449 1187 3514 illiue
1209 3449 1336 3517 verbu:

439 3546 551 3631 νέος
536 3579 554 3620 ο
576 3549 699 3641 μόσχος
716 3579 796 3642 αρτι
815 3548 949 3642 ye‘vuv‘
934 3550 1001 3624 υπὸ
1022 3550 1142 3706 κόρυθ’
1163 3547 1369 3642 ἁπαλότριχα

438 3656 631 3748 κατάκομον
650 3657 779 3730 θάλλει.

359 3766 511 3855 Sequitur
532 3769 572 3835 de
592 3772 723 3836 animali
743 3772 876 3840 rationis
906 3781 1037 3857 experte
1064 3771 1234 3857 desumpta
1261 3769 1441 3854 similitudo,

358 3897 421 3961 qua
435 3877 542 3942 infans
557 3900 627 3942 eum
641 3879 694 3942 illo
710 3888 912 3964 eomparatur
919 3878 1073 3964 Aeschyli
1084 3878 1225 3966 Ohoeph.
1240 3901 1270 3943 τ.
1283 3879 1343 3945 753
1354 3901 1437 3964 seq:

616 3979 692 4056 τό
713 3980 758 4072 μὴ
777 3990 928 4072 φρονοῦν
947 3981 1010 4071 γὰρ
1023 3977 1174 4110 ὡσπερεὶ
1190 3980 1299 4068 βοτὸν

504 4083 680 4177 τρέφειν’
659 4088 794 4180 ανάγκη,
815 4098 888 4171 πῶς
908 4087 970 4179 γὰρ
992 4083 1052 4173 οό,·
1073 4087 1191 4181 τρόπῳ
1212 4089 1341 4180 φρενός.

357 4196 527 4264 Praeterea
558 4200 620 4265 duo
652 4202 713 4267 loci
745 4201 916 4286 Aeschylei
943 4201 1005 4266 huc
1032 4202 1192 4268 referendi
1228 4212 1302 4268 eunt
1329 4201 1440 4288 Suppl.

555 3124 584 3192 el
605 3138 733 3210 στεῑρος
755 3111 838 3192 οὖσα
859 3118 984 3209 μόσχος
1006 3147 1068 3190 ονκ
1088 3113 1239 3205 ανέξεται

357 4327 386 4372 v
407 4306 512 4374 42t
480 4317 512 4372 et
540 4307 622 4393 313,
665 4309 779 4395 quibus
810 4308 963 4397 Epaphus
994 4302 1071 4387 Διὸς
1102 4303 1222 4398 πόρτις
1253 4311 1439 4402 appellatur,
