3220 5014
613 407 859 496 28

686 624 766 700 ούτε
786 637 845 720 τῆς
864 627 1026 722 νεοζύγον

489 735 618 827 νύμφης
639 735 796 810 τεκνώσει
816 743 916 808 nali.

294 867 421 932 Deinde
441 867 482 932 de
502 869 571 954 ipre
593 870 793 935 matrimonio
816 868 1064 954 intellegendum
1094 880 1142 936 est
1170 871 1246 937 illud
1267 864 1375 957 ζυγὸν,

294 974 378 1060 quod
402 975 540 1041 eiusdem
561 976 688 1054 fabulae
709 1000 739 1041 v.
762 978 819 1042 241
845 999 910 1062 seq.
933 977 1114 1044 habemns:

489 1073 552 1149 κύν
572 1083 633 1169 μεν
652 1077 724 1149 τάδ’
745 1075 822 1170 ημῖν
841 1083 1136 1170 ἐκπονουμέναισιν
1157 1073 1195 1152 εύ

490 1184 588 1268 πόσις
608 1196 751 1277 ξονοικῇ,
772 1186 817 1278 μὴ
836 1194 893 1283 βίη
914 1194 1027 1279 φέρων
1046 1188 1157 1280 ζυγόν.

295 1318 448 1402 Coniugis
470 1327 576 1383 autem
596 1319 726 1383 notione
747 1317 924 1402 praeditum
955 1329 1005 1384 ter
1025 1320 1059 1384 in
1081 1320 1202 1386 Alcesti
1222 1320 1376 1387 hebemus

293 1424 480 1491 vocabulum
509 1418 647 1509 σύζνγος
675 1447 705 1489 v.
726 1425 803 1506 314,
832 1425 910 1509 342,
939 1426 1008 1492 384.
1059 1426 1111 1493 Ad
1133 1449 1227 1514 quem
1249 1429 1376 1514 quidem

293 1555 384 1598 usum
404 1554 504 1620 prope
525 1531 697 1618 accedunt,
728 1555 810 1618 quae
835 1532 977 1599 eiusdem
998 1534 1125 1600 fabulae
1145 1557 1174 1600 v.
1197 1535 1255 1600 921
1279 1537 1375 1601 eonti-

293 1649 409 1706 nentur
430 1664 458 1705 .··

490 1740 536 1827 ὡς
556 1785 843 1797 -----
865 1743 998 1835 ξύζυγες
1019 1746 1118 1836 εἰμεν,

294 1857 334 1924 de
354 1857 494 1924 Admeto
515 1867 548 1923 et
569 1857 692 1923 Alcesti
712 1859 831 1943 nuptiis
854 1860 1029 1924 coniunctis
1061 1859 1116 1924 ille
1137 1860 1264 1946 quidem
1285 1861 1376 1925 intel·

291 1964 437 2050 legenda.
480 1966 531 2031 Ac
559 1965 653 2030 simili
681 1967 805 2058 ratione
832 1965 965 2030 verbum
995 1968 1063 2032 sive
1084 1961 1278 2054 συζεύγνυμι
1309 1969 1377 2033 sive

292 2066 538 2160 τιαραζεύγνυμι
559 2072 598 2139 de
620 2095 657 2138 ee
679 2073 809 2158 dicitnr,
838 2075 892 2161 qui
912 2077 1105 2140 matrimonii
1133 2075 1266 2140 vinculis
1287 2075 1373 2140 femi-

292 2202 367 2246 nam
394 2190 426 2246 et
455 2181 559 2246 virum
587 2182 670 2247 inter
696 2203 731 2246 se
760 2184 933 2267 coniungit.
976 2183 1085 2249 Hebes
1112 2192 1219 2248 autem
1247 2184 1375 2249 alterius

292 2288 382 2355 verbi
402 2311 495 2356 usum
515 2290 766 2374 metaphoricum
787 2291 886 2376 ipsius
907 2295 1033 2378 quo'que
1054 2291 1124 2357 Ale.
1146 2289 1177 2356 v'.
1202 2291 1260 2356 165
1281 2312 1347 2377 seq.
1368 2315 1375 2356 ε

415 2382 418 2386 ’
687 2400 812 2485 καὶτῷ
832 2399 894 2485 μὲν
914 2400 1014 2486 φίλην

489 2499 645 2590 ξύζευξον
665 2497 798 2591 ἄλοχον,
818 2511 859 2591 τῇ
880 2506 916 2573 δὲ
936 2519 1091 2591 γενναῖον
1111 2501 1221 2588 πόσιν,

294 2613 422 2682 alterins
444 2615 483 2682 fr.
503 2614 594 2680 254:
1136 2697 1138 2702 Α

490 2713 656 2809 ἡγησάμην
677 2708 747 2802 ούν,
770 2721 799 2787 εἰ
818 2715 1034 2808 τιαραζεύξειέ
1052 2746 1103 2800 τις

489 2835 621 2916 χρηστῷ
640 2823 790 2918 πονηρὸν
810 2831 960 2917 λέκτρον,
982 2819 1044 2897 ούκ
1064 2821 1106 2896 ύν
1127 2819 1303 2911 εύτεκνεῑν,

489 2937 627 3004 ἑσθλοῑν
648 2939 675 3004 ιλ
696 2928 754 3004 αἴτι’
775 2927 900 3023 οἷμφοῑν
921 2933 1047 3005 ἐσθλὸν
1068 2929 1110 3003 ἂν
1132 2942 1233 3020 φῦναι
1252 2931 1364 3024 γόνον.

294 3063 428 3128 Paesive
459 3063 573 3129 deinde
604 3065 734 3130 notione
766 3063 806 3129 de
837 3063 956 3129 femina
986 3064 1185 3128 matrimonio
1215 3084 1286 3129 eum
1306 3065 1374 3128 viro

293 3174 461 3238 coniuncte
480 3172 519 3238 fr.
545 3173 621 3238 1041
644 3171 759 3238 dieitur
779 3197 809 3262 ιΙ
1139 3171 1142 3177 ’
1270 3169 1271 3173 ’

490 3275 701 3369 οἰκοφθόρον
720 3274 782 3367 γὰρ
803 3273 906 3368 ἄνδρα
927 3275 1049 3348 κωλύει
1068 3274 1150 3367 γονὴ

491 3383 595 3475 ἐσθλὴ
615 3396 883 3475 τιαραζευχθεῖσα
903 3391 960 3456 καὶ
980 3382 1078 3473 σώζει
1099 3383 1230 3475 δόμους.

292 3513 362 3580 Iam
383 3515 534 3601 simplicis
555 3514 646 3580 verbi
667 3509 839 3600 ζευγνύναι
853 3515 988 3580 formem
1003 3513 1178 3595 medialem,
1200 3537 1282 3601 quae
1300 3535 1377 3578 uxo·

293 3645 361 3689 rem
383 3623 497 3690 ducere
518 3624 686 3710 signifieat,
708 3625 777 3690 Ale.
799 3647 830 3688 v.
852 3625 914 3690 993
935 3645 1002 3710 seq.
1024 3623 1177 3690 hebemus
1200 3648 1207 3688 :

489 3726 729 3821 γενναιοτάτων
750 3732 785 3799 δὲ
805 3736 917 3799 πᾶσαν

491 3834 612 3925 ἐζεύξω
632 3841 771 3917 κλισίαις
792 3830 932 3926 ἄκοιτιν,

293 3965 407 4032 deinde
427 3967 496 4032 Ion.
519 3989 549 4030 v.
570 3967 632 4031 900
653 3987 719 4052 seq.
742 3990 750 4030 ε

489 4071 544 4140 ἵνα
563 4097 603 4159 με
623 4073 732 4157 λέχεσι
751 4074 853 4158 μέλεα
872 4073 989 4158 μέλεος

488 4173 610 4264 ἐζεύξω
631 4174 694 4247 τὰν
714 4175 878 4248 δύστανον

293 4303 428 4392 denique
450 4305 567 4372 Troed.
590 4329 618 4370 v.
641 4307 702 4371 670
722 4327 788 4393 seq.
811 4329 818 4371 :
