<?xml version="1.0" encoding="UTF-8"?>
<!DOCTYPE html PUBLIC "-//W3C//DTD XHTML 1.0 Transitional//EN"
    "http://www.w3.org/TR/xhtml1/DTD/xhtml1-transitional.dtd">
<html xmlns="http://www.w3.org/1999/xhtml" xml:lang="en" lang="en">
 <head>
  <title>
</title>
<meta http-equiv="Content-Type" content="text/html;charset=utf-8" />
  <meta name='ocr-system' content='tesseract 3.04.00' />
  <meta name='ocr-capabilities' content='ocr_page ocr_carea ocr_par ocr_line ocrx_word'/>
</head>
<body>
  <div class='ocr_page' id='page_1' title='image "./decomparationib00briegoog_0055.png"; bbox 0 0 3220 5014; ppageno 0'>
   <div class='ocr_carea' id='block_1_1' title="bbox 817 456 860 522">
    <p class='ocr_par' dir='ltr' id='par_1_1' title="bbox 817 456 860 522">
     <span class='ocr_line' id='line_1_1' title="bbox 817 456 860 522; baseline 0 0"><span class='ocrx_word' id='word_1_1' title='bbox 817 456 860 522; x_wconf 87' lang='grc'>48</span> 
     </span>
    </p>
   </div>
   <div class='ocr_carea' id='block_1_2' title="bbox 289 655 1380 2904">
    <p class='ocr_par' dir='ltr' id='par_1_2' title="bbox 291 655 1377 831">
     <span class='ocr_line' id='line_1_2' title="bbox 292 655 1377 748; baseline 0.003 -24"><span class='ocrx_word' id='word_1_2' title='bbox 292 655 455 743; x_wconf 86' lang='lat' dir='ltr'>exempla,</span> <span class='ocrx_word' id='word_1_3' title='bbox 485 677 620 744; x_wconf 88' lang='lat' dir='ltr'>quorum</span> <span class='ocrx_word' id='word_1_4' title='bbox 647 659 781 724; x_wconf 84' lang='lat' dir='ltr'>alterum</span> <span class='ocrx_word' id='word_1_5' title='bbox 809 655 899 744; x_wconf 81' lang='lat' dir='ltr'>Sept.</span> <span class='ocrx_word' id='word_1_6' title='bbox 929 681 956 724; x_wconf 93' lang='grc' dir='ltr'>ο.</span> <span class='ocrx_word' id='word_1_7' title='bbox 986 659 1046 725; x_wconf 86' lang='lat' dir='ltr'>Th.</span> <span class='ocrx_word' id='word_1_8' title='bbox 1079 682 1109 725; x_wconf 88' lang='lat' dir='ltr'>r.</span> <span class='ocrx_word' id='word_1_9' title='bbox 1133 661 1171 726; x_wconf 82' lang='lat' dir='ltr'>‘ll</span> <span class='ocrx_word' id='word_1_10' title='bbox 1194 682 1260 748; x_wconf 91' lang='lat' dir='ltr'>seq.</span> <span class='ocrx_word' id='word_1_11' title='bbox 1289 661 1377 727; x_wconf 79' lang='lat' dir='ltr'>inve</span> 
     </span>
     <span class='ocr_line' id='line_1_3' title="bbox 291 767 406 831; baseline 0.009 -1"><span class='ocrx_word' id='word_1_12' title='bbox 291 767 406 831; x_wconf 90' lang='lat' dir='ltr'>nitur:</span> 
     </span>
    </p>

    <p class='ocr_par' dir='ltr' id='par_1_3' title="bbox 454 867 1217 961">
     <span class='ocr_line' id='line_1_4' title="bbox 454 867 1217 961; baseline 0.003 -23"><span class='ocrx_word' id='word_1_13' title='bbox 454 867 499 958; x_wconf 86' lang='grc' dir='ltr'>μή</span> <span class='ocrx_word' id='word_1_14' title='bbox 519 895 576 958; x_wconf 93' lang='grc' dir='ltr'>μοι</span> <span class='ocrx_word' id='word_1_15' title='bbox 597 867 699 940; x_wconf 89' lang='grc' dir='ltr'><strong><em>πόλιν</em></strong></span> <span class='ocrx_word' id='word_1_16' title='bbox 718 896 755 958; x_wconf 83' lang='grc' dir='ltr'>γε</span> <span class='ocrx_word' id='word_1_17' title='bbox 777 867 972 958; x_wconf 87' lang='grc' dir='ltr'><strong><em>πρεμνόθεν</em></strong></span> <span class='ocrx_word' id='word_1_18' title='bbox 990 867 1217 961; x_wconf 75' lang='grc' dir='ltr'><strong><em>πανώλεθρον</em></strong></span> 
     </span>
    </p>

    <p class='ocr_par' dir='ltr' id='par_1_4' title="bbox 291 974 881 1174">
     <span class='ocr_line' id='line_1_5' title="bbox 456 974 881 1066; baseline -0.002 -20"><span class='ocrx_word' id='word_1_19' title='bbox 456 979 676 1066; x_wconf 76' lang='grc' dir='ltr'><strong><em>ἐκθαμνίσητε</em></strong></span> <span class='ocrx_word' id='word_1_20' title='bbox 698 974 881 1064; x_wconf 78' lang='grc' dir='ltr'><strong><em>δῃάλωτον,</em></strong></span> 
     </span>
     <span class='ocr_line' id='line_1_6' title="bbox 291 1087 841 1174; baseline 0 -20"><span class='ocrx_word' id='word_1_21' title='bbox 291 1089 427 1154; x_wconf 89' lang='lat' dir='ltr'>alterum</span> <span class='ocrx_word' id='word_1_22' title='bbox 447 1087 565 1154; x_wconf 78' lang='lat' dir='ltr'><strong>ibidem</strong></span> <span class='ocrx_word' id='word_1_23' title='bbox 588 1110 618 1153; x_wconf 86' lang='lat' dir='ltr'>r.</span> <span class='ocrx_word' id='word_1_24' title='bbox 644 1088 723 1154; x_wconf 78' lang='lat'>1055</span> <span class='ocrx_word' id='word_1_25' title='bbox 744 1110 810 1174; x_wconf 90' lang='lat' dir='ltr'>seq.</span> <span class='ocrx_word' id='word_1_26' title='bbox 834 1113 841 1154; x_wconf 92' lang='lat'><strong>:</strong></span> 
     </span>
    </p>

    <p class='ocr_par' dir='ltr' id='par_1_5' title="bbox 536 1184 1133 1391">
     <span class='ocr_line' id='line_1_7' title="bbox 537 1184 1085 1282; baseline 0.002 -20"><span class='ocrx_word' id='word_1_27' title='bbox 537 1200 645 1282; x_wconf 82' lang='grc' dir='ltr'><strong><em>Κῆρες</em></strong></span> <span class='ocrx_word' id='word_1_28' title='bbox 664 1184 814 1282; x_wconf 72' lang='grc' dir='ltr'><strong><em>Ἐρινύες,</em></strong></span> <span class='ocrx_word' id='word_1_29' title='bbox 835 1194 899 1263; x_wconf 75' lang='grc' dir='ltr'><strong><em>αἵτ’</em></strong></span> <span class='ocrx_word' id='word_1_30' title='bbox 923 1191 1085 1264; x_wconf 83' lang='grc' dir='ltr'><strong><em>Οἰδιπόδα</em></strong></span> 
     </span>
     <span class='ocr_line' id='line_1_8' title="bbox 536 1296 1133 1391; baseline 0.003 -21"><span class='ocrx_word' id='word_1_31' title='bbox 536 1303 632 1390; x_wconf 82' lang='grc' dir='ltr'><strong><em>γένος</em></strong></span> <span class='ocrx_word' id='word_1_32' title='bbox 653 1296 781 1371; x_wconf 80' lang='grc' dir='ltr'><strong><em>ούλλοτε</em></strong></span> <span class='ocrx_word' id='word_1_33' title='bbox 801 1299 997 1391; x_wconf 85' lang='grc' dir='ltr'><strong><em>πρεμνόθεν</em></strong></span> <span class='ocrx_word' id='word_1_34' title='bbox 1016 1297 1133 1384; x_wconf 76' lang='grc' dir='ltr'><strong><em>οὕτως.</em></strong></span> 
     </span>
    </p>

    <p class='ocr_par' dir='ltr' id='par_1_6' title="bbox 291 1403 1380 1717">
     <span class='ocr_line' id='line_1_9' title="bbox 291 1403 1380 1501; baseline 0 -21"><span class='ocrx_word' id='word_1_35' title='bbox 291 1414 444 1500; x_wconf 78' lang='lat' dir='ltr'>Sequitur</span> <span class='ocrx_word' id='word_1_36' title='bbox 464 1413 597 1478; x_wconf 88' lang='lat' dir='ltr'>verbum</span> <span class='ocrx_word' id='word_1_37' title='bbox 618 1403 822 1495; x_wconf 76' lang='grc' dir='ltr'><strong><em>ἀνατέλλειν,</em></strong></span> <span class='ocrx_word' id='word_1_38' title='bbox 845 1413 930 1500; x_wconf 88' lang='lat' dir='ltr'>quod</span> <span class='ocrx_word' id='word_1_39' title='bbox 953 1414 993 1480; x_wconf 90' lang='lat' dir='ltr'>de</span> <span class='ocrx_word' id='word_1_40' title='bbox 1012 1414 1248 1498; x_wconf 79' lang='lat' dir='ltr'>emergentibus</span> <span class='ocrx_word' id='word_1_41' title='bbox 1262 1417 1380 1501; x_wconf 88' lang='lat' dir='ltr'>plantis</span> 
     </span>
     <span class='ocr_line' id='line_1_10' title="bbox 291 1521 1380 1608; baseline 0 -22"><span class='ocrx_word' id='word_1_42' title='bbox 291 1521 331 1586; x_wconf 86' lang='lat' dir='ltr'>ad</span> <span class='ocrx_word' id='word_1_43' title='bbox 354 1522 457 1587; x_wconf 90' lang='lat' dir='ltr'>crines</span> <span class='ocrx_word' id='word_1_44' title='bbox 479 1523 511 1586; x_wconf 90' lang='lat' dir='ltr'>in</span> <span class='ocrx_word' id='word_1_45' title='bbox 532 1521 637 1604; x_wconf 85' lang='lat' dir='ltr'>figura</span> <span class='ocrx_word' id='word_1_46' title='bbox 657 1521 797 1586; x_wconf 83' lang='lat' dir='ltr'>humana</span> <span class='ocrx_word' id='word_1_47' title='bbox 817 1531 996 1586; x_wconf 78' lang='lat' dir='ltr'>crescentes</span> <span class='ocrx_word' id='word_1_48' title='bbox 1016 1521 1197 1608; x_wconf 83' lang='lat' dir='ltr'>Aeschylus</span> <span class='ocrx_word' id='word_1_49' title='bbox 1217 1521 1380 1589; x_wconf 80' lang='lat' dir='ltr'>transtulit</span> 
     </span>
     <span class='ocr_line' id='line_1_11' title="bbox 291 1628 1379 1717; baseline 0.002 -23"><span class='ocrx_word' id='word_1_50' title='bbox 291 1629 432 1694; x_wconf 86' lang='lat' dir='ltr'>eiusdem</span> <span class='ocrx_word' id='word_1_51' title='bbox 446 1629 582 1713; x_wconf 86' lang='lat' dir='ltr'>fabulae,</span> <span class='ocrx_word' id='word_1_52' title='bbox 605 1651 701 1715; x_wconf 91' lang='lat' dir='ltr'>quam</span> <span class='ocrx_word' id='word_1_53' title='bbox 717 1628 811 1694; x_wconf 87' lang='lat' dir='ltr'>modo</span> <span class='ocrx_word' id='word_1_54' title='bbox 827 1631 1153 1714; x_wconf 83' lang='lat' dir='ltr'>commemoravimus,</span> <span class='ocrx_word' id='word_1_55' title='bbox 1175 1652 1204 1693; x_wconf 87' lang='lat' dir='ltr'>v.</span> <span class='ocrx_word' id='word_1_56' title='bbox 1216 1631 1279 1695; x_wconf 80' lang='grc'>534</span> <span class='ocrx_word' id='word_1_57' title='bbox 1293 1653 1379 1717; x_wconf 88' lang='lat' dir='ltr'>seq.:</span> 
     </span>
    </p>

    <p class='ocr_par' dir='ltr' id='par_1_7' title="bbox 454 1729 1126 1824">
     <span class='ocr_line' id='line_1_12' title="bbox 454 1729 1126 1824; baseline -0.001 -20"><span class='ocrx_word' id='word_1_58' title='bbox 454 1740 574 1822; x_wconf 80' lang='grc' dir='ltr'><strong><em>στείχει</em></strong></span> <span class='ocrx_word' id='word_1_59' title='bbox 594 1737 623 1804; x_wconf 83' lang='grc' dir='ltr'><strong><em>δ</em></strong></span> <span class='ocrx_word' id='word_1_60' title='bbox 644 1736 758 1815; x_wconf 76' lang='grc' dir='ltr'><strong><em>ἴουλος</em></strong></span> <span class='ocrx_word' id='word_1_61' title='bbox 779 1729 855 1824; x_wconf 77' lang='grc' dir='ltr'><strong><em>ἄρτι</em></strong></span> <span class='ocrx_word' id='word_1_62' title='bbox 875 1731 929 1803; x_wconf 79' lang='grc' dir='ltr'>διὰ</span> <span class='ocrx_word' id='word_1_63' title='bbox 951 1738 1126 1824; x_wconf 82' lang='grc' dir='ltr'><strong><em>παρηΐδων</em></strong></span> 
     </span>
    </p>

    <p class='ocr_par' dir='ltr' id='par_1_8' title="bbox 289 1835 1201 2040">
     <span class='ocr_line' id='line_1_13' title="bbox 454 1835 1201 1934; baseline 0.001 -22"><span class='ocrx_word' id='word_1_64' title='bbox 454 1836 542 1934; x_wconf 77' lang='grc' dir='ltr'><strong><em>σύρας</em></strong></span> <span class='ocrx_word' id='word_1_65' title='bbox 565 1840 721 1932; x_wconf 78' lang='grc' dir='ltr'><strong><em>φυούσης,</em></strong></span> <span class='ocrx_word' id='word_1_66' title='bbox 742 1839 872 1932; x_wconf 82' lang='grc' dir='ltr'><strong><em>ταρφύς</em></strong></span> <span class='ocrx_word' id='word_1_67' title='bbox 896 1835 1100 1913; x_wconf 78' lang='grc' dir='ltr'><strong><em>ἀντέλλουσα</em></strong></span> <span class='ocrx_word' id='word_1_68' title='bbox 1121 1847 1201 1933; x_wconf 75' lang='grc' dir='ltr'><strong><em>θρίξ</em></strong></span> 
     </span>
     <span class='ocr_line' id='line_1_14' title="bbox 289 1953 715 2040; baseline -0.002 -20"><span class='ocrx_word' id='word_1_69' title='bbox 289 1964 386 2040; x_wconf 86' lang='lat' dir='ltr'>atque</span> <span class='ocrx_word' id='word_1_70' title='bbox 408 1953 549 2040; x_wconf 84' lang='lat' dir='ltr'>Ohoeph.</span> <span class='ocrx_word' id='word_1_71' title='bbox 572 1976 602 2018; x_wconf 91' lang='lat' dir='ltr'>v.</span> <span class='ocrx_word' id='word_1_72' title='bbox 624 1954 715 2020; x_wconf 80' lang='lat'>282:</span> 
     </span>
    </p>

    <p class='ocr_par' dir='ltr' id='par_1_9' title="bbox 289 2055 1379 2470">
     <span class='ocr_line' id='line_1_15' title="bbox 455 2055 1223 2149; baseline 0 -21"><span class='ocrx_word' id='word_1_73' title='bbox 455 2056 574 2139; x_wconf 80' lang='grc' dir='ltr'><strong><em>λευκὰς</em></strong></span> <span class='ocrx_word' id='word_1_74' title='bbox 595 2062 631 2127; x_wconf 79' lang='grc' dir='ltr'>δὲ</span> <span class='ocrx_word' id='word_1_75' title='bbox 652 2055 775 2148; x_wconf 83' lang='grc' dir='ltr'><strong><em>κόρσας</em></strong></span> <span class='ocrx_word' id='word_1_76' title='bbox 795 2062 865 2146; x_wconf 75' lang='grc' dir='ltr'>τῇδ</span> <span class='ocrx_word' id='word_1_77' title='bbox 887 2061 1104 2128; x_wconf 80' lang='grc' dir='ltr'><strong><em>ἐπαντέλλειν</em></strong></span> <span class='ocrx_word' id='word_1_78' title='bbox 1123 2055 1223 2149; x_wconf 81' lang='grc' dir='ltr'><strong><em>νόσῳ.</em></strong></span> 
     </span>
     <span class='ocr_line' id='line_1_16' title="bbox 291 2168 1379 2254; baseline 0.001 -20"><span class='ocrx_word' id='word_1_79' title='bbox 291 2168 472 2235; x_wconf 89' lang='lat' dir='ltr'>Audaciore</span> <span class='ocrx_word' id='word_1_80' title='bbox 502 2180 608 2235; x_wconf 88' lang='lat' dir='ltr'>autem</span> <span class='ocrx_word' id='word_1_81' title='bbox 641 2170 731 2236; x_wconf 87' lang='lat' dir='ltr'>verbi</span> <span class='ocrx_word' id='word_1_82' title='bbox 760 2171 1044 2254; x_wconf 89' lang='grc' dir='ltr'><strong><em>προσανατέλλειν</em></strong></span> <span class='ocrx_word' id='word_1_83' title='bbox 1064 2171 1273 2237; x_wconf 88' lang='lat' dir='ltr'>translatione</span> <span class='ocrx_word' id='word_1_84' title='bbox 1304 2192 1379 2235; x_wconf 83' lang='lat' dir='ltr'>osus</span> 
     </span>
     <span class='ocr_line' id='line_1_17' title="bbox 291 2277 1378 2365; baseline 0.001 -22"><span class='ocrx_word' id='word_1_85' title='bbox 291 2277 460 2364; x_wconf 85' lang='lat' dir='ltr'>Euripides</span> <span class='ocrx_word' id='word_1_86' title='bbox 482 2278 592 2364; x_wconf 82' lang='lat' dir='ltr'>Suppl.</span> <span class='ocrx_word' id='word_1_87' title='bbox 607 2301 637 2342; x_wconf 87' lang='lat' dir='ltr'>v.</span> <span class='ocrx_word' id='word_1_88' title='bbox 652 2278 713 2344; x_wconf 80' lang='lat'>687</span> <span class='ocrx_word' id='word_1_89' title='bbox 729 2298 797 2363; x_wconf 91' lang='lat' dir='ltr'>seq.</span> <span class='ocrx_word' id='word_1_90' title='bbox 818 2278 991 2364; x_wconf 85' lang='lat' dir='ltr'>pulverem,</span> <span class='ocrx_word' id='word_1_91' title='bbox 1014 2281 1068 2365; x_wconf 90' lang='lat' dir='ltr'>qui</span> <span class='ocrx_word' id='word_1_92' title='bbox 1089 2277 1131 2344; x_wconf 89' lang='lat' dir='ltr'>ad</span> <span class='ocrx_word' id='word_1_93' title='bbox 1153 2279 1274 2344; x_wconf 87' lang='lat' dir='ltr'>caelum</span> <span class='ocrx_word' id='word_1_94' title='bbox 1294 2279 1378 2344; x_wconf 90' lang='lat' dir='ltr'>evol·</span> 
     </span>
     <span class='ocr_line' id='line_1_18' title="bbox 289 2387 579 2470; baseline 0.003 -21"><span class='ocrx_word' id='word_1_95' title='bbox 289 2387 384 2470; x_wconf 82' lang='lat' dir='ltr'>vitur,</span> <span class='ocrx_word' id='word_1_96' title='bbox 406 2388 579 2466; x_wconf 17' lang='lat' dir='ltr'>nominati:</span> 
     </span>
    </p>

    <p class='ocr_par' dir='ltr' id='par_1_10' title="bbox 586 2483 1082 2688">
     <span class='ocr_line' id='line_1_19' title="bbox 784 2483 1082 2579; baseline 0.003 -22"><span class='ocrx_word' id='word_1_97' title='bbox 784 2486 846 2578; x_wconf 77' lang='grc' dir='ltr'>τὴν</span> <span class='ocrx_word' id='word_1_98' title='bbox 866 2492 912 2570; x_wconf 81' lang='grc' dir='ltr'><strong><em>εἰς</em></strong></span> <span class='ocrx_word' id='word_1_99' title='bbox 934 2483 1082 2579; x_wconf 89' lang='grc' dir='ltr'><strong><em>ούρανον</em></strong></span> 
     </span>
     <span class='ocr_line' id='line_1_20' title="bbox 586 2595 1024 2688; baseline 0.002 -22"><span class='ocrx_word' id='word_1_100' title='bbox 586 2595 682 2667; x_wconf 87' lang='grc' dir='ltr'><strong><em>κόνιν</em></strong></span> <span class='ocrx_word' id='word_1_101' title='bbox 701 2602 1024 2688; x_wconf 82' lang='grc' dir='ltr'><strong><em>προσαντέλλουσαν.</em></strong></span> 
     </span>
    </p>

    <p class='ocr_par' dir='ltr' id='par_1_11' title="bbox 289 2709 1378 2904">
     <span class='ocr_line' id='line_1_21' title="bbox 290 2709 1378 2794; baseline 0 -18"><span class='ocrx_word' id='word_1_102' title='bbox 290 2710 381 2789; x_wconf 76' lang='lat' dir='ltr'>Quae</span> <span class='ocrx_word' id='word_1_103' title='bbox 402 2733 478 2776; x_wconf 85' lang='lat' dir='ltr'>vero</span> <span class='ocrx_word' id='word_1_104' title='bbox 499 2711 639 2794; x_wconf 80' lang='lat' dir='ltr'>plantae,</span> <span class='ocrx_word' id='word_1_105' title='bbox 661 2709 715 2774; x_wconf 91' lang='lat' dir='ltr'>ubi</span> <span class='ocrx_word' id='word_1_106' title='bbox 736 2711 770 2773; x_wconf 93' lang='lat' dir='ltr'>in</span> <span class='ocrx_word' id='word_1_107' title='bbox 790 2709 894 2774; x_wconf 90' lang='lat' dir='ltr'>lucem</span> <span class='ocrx_word' id='word_1_108' title='bbox 914 2710 1103 2794; x_wconf 83' lang='lat' dir='ltr'>progenitae</span> <span class='ocrx_word' id='word_1_109' title='bbox 1123 2719 1212 2794; x_wconf 83' lang='lat' dir='ltr'>sunt,</span> <span class='ocrx_word' id='word_1_110' title='bbox 1241 2731 1378 2776; x_wconf 86' lang='lat' dir='ltr'>marces·</span> 
     </span>
     <span class='ocr_line' id='line_1_22' title="bbox 289 2807 1377 2904; baseline -0.002 -21"><span class='ocrx_word' id='word_1_111' title='bbox 289 2829 366 2884; x_wconf 85' lang='lat' dir='ltr'>cunt</span> <span class='ocrx_word' id='word_1_112' title='bbox 387 2829 421 2885; x_wconf 85' lang='lat' dir='ltr'>et</span> <span class='ocrx_word' id='word_1_113' title='bbox 441 2819 587 2904; x_wconf 86' lang='lat' dir='ltr'>arefiunt,</span> <span class='ocrx_word' id='word_1_114' title='bbox 610 2839 666 2884; x_wconf 86' lang='lat' dir='ltr'>eae</span> <span class='ocrx_word' id='word_1_115' title='bbox 688 2807 886 2884; x_wconf 82' lang='grc' dir='ltr'><strong><em>αύαένεσθαι</em></strong></span> <span class='ocrx_word' id='word_1_116' title='bbox 904 2817 1074 2904; x_wconf 63' lang='lat' dir='ltr'>plicantur,</span> <span class='ocrx_word' id='word_1_117' title='bbox 1106 2839 1126 2881; x_wconf 86' lang='lat' dir='ltr'>a</span> <span class='ocrx_word' id='word_1_118' title='bbox 1156 2838 1218 2902; x_wconf 87' lang='lat' dir='ltr'>quo</span> <span class='ocrx_word' id='word_1_119' title='bbox 1250 2816 1377 2902; x_wconf 86' lang='lat' dir='ltr'>quidem</span> 
     </span>
    </p>
   </div>
   <div class='ocr_carea' id='block_1_3' title="bbox 289 2925 1383 3010">
    <p class='ocr_par' dir='ltr' id='par_1_12' title="bbox 289 2925 1383 3010">
     <span class='ocr_line' id='line_1_23' title="bbox 289 2925 1383 3010; baseline 0 -20"><span class='ocrx_word' id='word_1_120' title='bbox 289 2926 387 2992; x_wconf 89' lang='lat' dir='ltr'>verbo</span> <span class='ocrx_word' id='word_1_121' title='bbox 410 2926 491 2992; x_wconf 88' lang='lat' dir='ltr'>duae</span> <span class='ocrx_word' id='word_1_122' title='bbox 504 2926 546 2991; x_wconf 88' lang='lat' dir='ltr'>ab</span> <span class='ocrx_word' id='word_1_123' title='bbox 557 2925 719 3010; x_wconf 87' lang='lat' dir='ltr'>Aeschylo</span> <span class='ocrx_word' id='word_1_124' title='bbox 735 2925 960 2991; x_wconf 90' lang='lat' dir='ltr'>translationes</span> <span class='ocrx_word' id='word_1_125' title='bbox 974 2925 1094 3010; x_wconf 89' lang='lat' dir='ltr'>petitae</span> <span class='ocrx_word' id='word_1_126' title='bbox 1108 2936 1193 2989; x_wconf 89' lang='lat' dir='ltr'>sunt.</span> <span class='ocrx_word' id='word_1_127' title='bbox 1235 2925 1383 2990; x_wconf 85' lang='lat' dir='ltr'>Primum·</span> 
     </span>
    </p>
   </div>
   <div class='ocr_carea' id='block_1_4' title="bbox 287 3033 1378 4414">
    <p class='ocr_par' dir='ltr' id='par_1_13' title="bbox 287 3033 1378 4414">
     <span class='ocr_line' id='line_1_24' title="bbox 289 3033 930 3120; baseline -0.006 -20"><span class='ocrx_word' id='word_1_128' title='bbox 289 3036 373 3100; x_wconf 92' lang='lat' dir='ltr'>enim</span> <span class='ocrx_word' id='word_1_129' title='bbox 395 3033 537 3120; x_wconf 86' lang='lat' dir='ltr'>Choeph.</span> <span class='ocrx_word' id='word_1_130' title='bbox 561 3055 589 3098; x_wconf 89' lang='lat' dir='ltr'>v.</span> <span class='ocrx_word' id='word_1_131' title='bbox 612 3033 675 3099; x_wconf 79' lang='lat'>260</span> <span class='ocrx_word' id='word_1_132' title='bbox 695 3055 761 3119; x_wconf 83' lang='lat' dir='ltr'>seq.</span> <span class='ocrx_word' id='word_1_133' title='bbox 783 3033 901 3117; x_wconf 82' lang='lat' dir='ltr'>legitur</span> <span class='ocrx_word' id='word_1_134' title='bbox 924 3055 930 3096; x_wconf 92' lang='lat'><strong>:</strong></span> 
     </span>
     <span class='ocr_line' id='line_1_25' title="bbox 453 3129 1253 3228; baseline -0.003 -20"><span class='ocrx_word' id='word_1_135' title='bbox 453 3133 523 3208; x_wconf 79' lang='grc' dir='ltr'><strong><em>οὔτ’</em></strong></span> <span class='ocrx_word' id='word_1_136' title='bbox 545 3132 680 3228; x_wconf 74' lang='grc' dir='ltr'><strong><em>ἀρχικός</em></strong></span> <span class='ocrx_word' id='word_1_137' title='bbox 700 3159 753 3208; x_wconf 92' lang='grc' dir='ltr'>σοι</span> <span class='ocrx_word' id='word_1_138' title='bbox 772 3145 839 3218; x_wconf 86' lang='grc' dir='ltr'><strong><em>πᾶς</em></strong></span> <span class='ocrx_word' id='word_1_139' title='bbox 860 3130 909 3206; x_wconf 85' lang='grc' dir='ltr'>ύδ</span> <span class='ocrx_word' id='word_1_140' title='bbox 931 3129 1093 3218; x_wconf 82' lang='grc' dir='ltr'><strong><em>αιάνθεὶς</em></strong></span> <span class='ocrx_word' id='word_1_141' title='bbox 1113 3133 1253 3227; x_wconf 76' lang='grc' dir='ltr'><strong><em>πυθμὴν</em></strong></span> 
     </span>
     <span class='ocr_line' id='line_1_26' title="bbox 450 3239 1121 3336; baseline -0.003 -20"><span class='ocrx_word' id='word_1_142' title='bbox 450 3255 576 3334; x_wconf 79' lang='grc' dir='ltr'><strong><em>βωμοῖς</em></strong></span> <span class='ocrx_word' id='word_1_143' title='bbox 596 3240 708 3336; x_wconf 76' lang='grc' dir='ltr'><strong><em>ἀρήξει</em></strong></span> <span class='ocrx_word' id='word_1_144' title='bbox 728 3242 912 3331; x_wconf 71' lang='grc' dir='ltr'><strong><em>βουθύτοις</em></strong></span> <span class='ocrx_word' id='word_1_145' title='bbox 935 3247 973 3314; x_wconf 83' lang='grc' dir='ltr'>έν</span> <span class='ocrx_word' id='word_1_146' title='bbox 993 3239 1121 3334; x_wconf 78' lang='grc' dir='ltr'><strong><em>ἥμασιν,</em></strong></span> 
     </span>
     <span class='ocr_line' id='line_1_27' title="bbox 288 3346 1377 3443; baseline -0.001 -21"><span class='ocrx_word' id='word_1_147' title='bbox 288 3358 343 3422; x_wconf 88' lang='lat' dir='ltr'>ubi</span> <span class='ocrx_word' id='word_1_148' title='bbox 365 3379 447 3443; x_wconf 87' lang='lat' dir='ltr'>quae</span> <span class='ocrx_word' id='word_1_149' title='bbox 467 3359 672 3423; x_wconf 88' lang='lat' dir='ltr'>inveniuntur</span> <span class='ocrx_word' id='word_1_150' title='bbox 701 3356 801 3422; x_wconf 88' lang='lat' dir='ltr'>verba</span> <span class='ocrx_word' id='word_1_151' title='bbox 829 3360 895 3433; x_wconf 87' lang='grc' dir='ltr'>πᾶς</span> <span class='ocrx_word' id='word_1_152' title='bbox 924 3346 974 3421; x_wconf 71' lang='lat' dir='ltr'>&lt;lo</span> <span class='ocrx_word' id='word_1_153' title='bbox 996 3346 1157 3434; x_wconf 81' lang='grc' dir='ltr'><strong><em>αύανθεὶς</em></strong></span> <span class='ocrx_word' id='word_1_154' title='bbox 1177 3350 1316 3442; x_wconf 85' lang='grc' dir='ltr'><strong><em>πυθμὴν</em></strong></span> <span class='ocrx_word' id='word_1_155' title='bbox 1337 3356 1377 3421; x_wconf 89' lang='lat' dir='ltr'>de</span> 
     </span>
     <span class='ocr_line' id='line_1_28' title="bbox 288 3462 1377 3550; baseline -0.001 -20"><span class='ocrx_word' id='word_1_156' title='bbox 288 3466 446 3530; x_wconf 85' lang='lat' dir='ltr'>exstincto</span> <span class='ocrx_word' id='word_1_157' title='bbox 469 3467 537 3531; x_wconf 87' lang='lat' dir='ltr'>sive</span> <span class='ocrx_word' id='word_1_158' title='bbox 559 3465 792 3550; x_wconf 84' lang='lat' dir='ltr'>exstinguendo</span> <span class='ocrx_word' id='word_1_159' title='bbox 813 3463 873 3530; x_wconf 87' lang='lat' dir='ltr'>Lai</span> <span class='ocrx_word' id='word_1_160' title='bbox 902 3485 1021 3548; x_wconf 85' lang='lat' dir='ltr'>genere</span> <span class='ocrx_word' id='word_1_161' title='bbox 1050 3462 1270 3549; x_wconf 84' lang='lat' dir='ltr'>intellegenda</span> <span class='ocrx_word' id='word_1_162' title='bbox 1293 3474 1377 3529; x_wconf 87' lang='lat' dir='ltr'>sunt.</span> 
     </span>
     <span class='ocr_line' id='line_1_29' title="bbox 287 3567 1378 3658; baseline -0.003 -19"><span class='ocrx_word' id='word_1_163' title='bbox 287 3573 341 3638; x_wconf 84' lang='lat' dir='ltr'>Ad</span> <span class='ocrx_word' id='word_1_164' title='bbox 372 3572 599 3639; x_wconf 89' lang='lat' dir='ltr'>Prometheum</span> <span class='ocrx_word' id='word_1_165' title='bbox 631 3572 764 3656; x_wconf 84' lang='lat' dir='ltr'>deinde,</span> <span class='ocrx_word' id='word_1_166' title='bbox 798 3573 852 3658; x_wconf 90' lang='lat' dir='ltr'>qui</span> <span class='ocrx_word' id='word_1_167' title='bbox 896 3571 1028 3636; x_wconf 84' lang='lat' dir='ltr'>vinculis</span> <span class='ocrx_word' id='word_1_168' title='bbox 1063 3567 1253 3640; x_wconf 83' lang='lat' dir='ltr'>constrictus</span> <span class='ocrx_word' id='word_1_169' title='bbox 1284 3574 1378 3658; x_wconf 89' lang='lat' dir='ltr'>quasi</span> 
     </span>
     <span class='ocr_line' id='line_1_30' title="bbox 288 3679 1140 3765; baseline -0.002 -19"><span class='ocrx_word' id='word_1_170' title='bbox 288 3681 433 3765; x_wconf 85' lang='lat' dir='ltr'>tabescit,</span> <span class='ocrx_word' id='word_1_171' title='bbox 456 3681 562 3746; x_wconf 92' lang='lat' dir='ltr'>Prom.</span> <span class='ocrx_word' id='word_1_172' title='bbox 584 3703 613 3745; x_wconf 92' lang='lat' dir='ltr'>v.</span> <span class='ocrx_word' id='word_1_173' title='bbox 639 3681 698 3746; x_wconf 76' lang='lat'>145</span> <span class='ocrx_word' id='word_1_174' title='bbox 719 3700 807 3765; x_wconf 89' lang='lat' dir='ltr'>seqq.</span> <span class='ocrx_word' id='word_1_175' title='bbox 830 3679 928 3744; x_wconf 87' lang='lat' dir='ltr'>verba</span> <span class='ocrx_word' id='word_1_176' title='bbox 949 3680 1110 3764; x_wconf 88' lang='lat' dir='ltr'>pertinent</span> <span class='ocrx_word' id='word_1_177' title='bbox 1132 3703 1140 3744; x_wconf 93' lang='lat'><strong>:</strong></span> 
     </span>
     <span class='ocr_line' id='line_1_31' title="bbox 532 3780 1080 3876; baseline 0 -22"><span class='ocrx_word' id='word_1_178' title='bbox 532 3793 534 3804; x_wconf 81' lang='grc'><em>’</em></span> <span class='ocrx_word' id='word_1_179' title='bbox 713 3780 774 3854; x_wconf 85' lang='grc' dir='ltr'>σὸν</span> <span class='ocrx_word' id='word_1_180' title='bbox 795 3787 894 3872; x_wconf 91' lang='grc' dir='ltr'><strong><em>δέμας</em></strong></span> <span class='ocrx_word' id='word_1_181' title='bbox 915 3780 1080 3876; x_wconf 79' lang='grc' dir='ltr'><strong><em>εἰσιδούσᾳ</em></strong></span> 
     </span>
     <span class='ocr_line' id='line_1_32' title="bbox 585 3889 1099 3986; baseline 0 -24"><span class='ocrx_word' id='word_1_182' title='bbox 585 3896 691 3986; x_wconf 78' lang='grc' dir='ltr'><strong><em>πέτρᾳ</em></strong></span> <span class='ocrx_word' id='word_1_183' title='bbox 712 3889 1002 3981; x_wconf 88' lang='grc' dir='ltr'><strong><em>ποσαναινόμενον</em></strong></span> <span class='ocrx_word' id='word_1_184' title='bbox 1097 3947 1099 3952; x_wconf 78' lang='lat'><em>.</em></span> 
     </span>
     <span class='ocr_line' id='line_1_33' title="bbox 583 3993 1151 4090; baseline -0.002 -20"><span class='ocrx_word' id='word_1_185' title='bbox 583 4005 689 4072; x_wconf 71' lang='grc' dir='ltr'><strong><em>ταῖσδ’</em></strong></span> <span class='ocrx_word' id='word_1_186' title='bbox 710 3993 1005 4090; x_wconf 80' lang='grc' dir='ltr'><strong><em>ἄδαμαντοδέτοισι</em></strong></span> <span class='ocrx_word' id='word_1_187' title='bbox 1026 3997 1151 4089; x_wconf 89' lang='grc' dir='ltr'><strong><em>λύμαις.</em></strong></span> 
     </span>
     <span class='ocr_line' id='line_1_34' title="bbox 288 4104 1375 4194; baseline -0.005 -16"><span class='ocrx_word' id='word_1_188' title='bbox 288 4116 319 4178; x_wconf 94' lang='lat' dir='ltr'>A</span> <span class='ocrx_word' id='word_1_189' title='bbox 340 4112 439 4179; x_wconf 89' lang='lat' dir='ltr'>verbo</span> <span class='ocrx_word' id='word_1_190' title='bbox 461 4123 568 4178; x_wconf 89' lang='lat' dir='ltr'>autem</span> <span class='ocrx_word' id='word_1_191' title='bbox 581 4104 676 4179; x_wconf 82' lang='grc' dir='ltr'><strong><em>αύειν</em></strong></span> <span class='ocrx_word' id='word_1_192' title='bbox 691 4114 768 4178; x_wconf 89' lang='lat' dir='ltr'>item</span> <span class='ocrx_word' id='word_1_193' title='bbox 782 4112 944 4177; x_wconf 82' lang='lat' dir='ltr'>arefacere</span> <span class='ocrx_word' id='word_1_194' title='bbox 958 4113 1026 4176; x_wconf 87' lang='lat' dir='ltr'>sive</span> <span class='ocrx_word' id='word_1_195' title='bbox 1040 4112 1160 4178; x_wconf 86' lang='lat' dir='ltr'>siccare</span> <span class='ocrx_word' id='word_1_196' title='bbox 1174 4109 1375 4194; x_wconf 84' lang='lat' dir='ltr'>significante</span> 
     </span>
     <span class='ocr_line' id='line_1_35' title="bbox 288 4210 1374 4307; baseline -0.004 -21"><span class='ocrx_word' id='word_1_197' title='bbox 288 4222 523 4287; x_wconf 87' lang='lat' dir='ltr'>substantivum</span> <span class='ocrx_word' id='word_1_198' title='bbox 543 4210 648 4307; x_wconf 83' lang='grc' dir='ltr'><strong><em>αύονὴ</em></strong></span> <span class='ocrx_word' id='word_1_199' title='bbox 671 4220 843 4305; x_wconf 85' lang='lat' dir='ltr'>derivatur,</span> <span class='ocrx_word' id='word_1_200' title='bbox 865 4219 951 4305; x_wconf 89' lang='lat' dir='ltr'>quod</span> <span class='ocrx_word' id='word_1_201' title='bbox 968 4221 1000 4284; x_wconf 88' lang='lat' dir='ltr'>in</span> <span class='ocrx_word' id='word_1_202' title='bbox 1015 4219 1108 4284; x_wconf 83' lang='lat' dir='ltr'>Eum.</span> <span class='ocrx_word' id='word_1_203' title='bbox 1124 4219 1278 4284; x_wconf 87' lang='lat' dir='ltr'>translate</span> <span class='ocrx_word' id='word_1_204' title='bbox 1292 4219 1374 4305; x_wconf 90' lang='lat' dir='ltr'>posi·</span> 
     </span>
     <span class='ocr_line' id='line_1_36' title="bbox 287 4325 1371 4414; baseline -0.009 -16"><span class='ocrx_word' id='word_1_205' title='bbox 287 4341 354 4398; x_wconf 89' lang='lat' dir='ltr'>tum</span> <span class='ocrx_word' id='word_1_206' title='bbox 377 4330 545 4396; x_wconf 89' lang='lat' dir='ltr'>invenitur.</span> <span class='ocrx_word' id='word_1_207' title='bbox 589 4327 741 4414; x_wconf 85' lang='lat' dir='ltr'>Legimus</span> <span class='ocrx_word' id='word_1_208' title='bbox 764 4329 847 4392; x_wconf 90' lang='lat' dir='ltr'>enim</span> <span class='ocrx_word' id='word_1_209' title='bbox 869 4348 899 4391; x_wconf 92' lang='lat' dir='ltr'>v.</span> <span class='ocrx_word' id='word_1_210' title='bbox 921 4326 981 4392; x_wconf 85' lang='lat'>331</span> <span class='ocrx_word' id='word_1_211' title='bbox 1004 4348 1093 4412; x_wconf 88' lang='lat' dir='ltr'>seqq.</span> <span class='ocrx_word' id='word_1_212' title='bbox 1117 4355 1153 4382; x_wconf 90' lang='lat'>==</span> <span class='ocrx_word' id='word_1_213' title='bbox 1177 4325 1240 4390; x_wconf 83' lang='lat'>344</span> <span class='ocrx_word' id='word_1_214' title='bbox 1260 4346 1371 4412; x_wconf 83' lang='lat' dir='ltr'>seqq:</span> 
     </span>
    </p>
   </div>
   <div class='ocr_carea' id='block_1_5' title="bbox 1573 4107 1592 4158">
    <p class='ocr_par' dir='ltr' id='par_1_14' title="bbox 1573 4107 1592 4158">
     <span class='ocr_line' id='line_1_37' title="bbox 1573 4107 1592 4158; baseline 0 0"><span class='ocrx_word' id='word_1_215' title='bbox 1573 4107 1592 4158; x_wconf 69' lang='lat' dir='ltr'>s</span> 
     </span>
    </p>
   </div>
   <div class='ocr_carea' id='block_1_6' title="bbox 0 0 1614 5014">
    <p class='ocr_par' dir='ltr' id='par_1_15' title="bbox 0 0 1614 5014">
     <span class='ocr_line' id='line_1_38' title="bbox 0 0 1614 5014; baseline 0 1"><span class='ocrx_word' id='word_1_216' title='bbox 0 0 1614 5014; x_wconf 95' lang='lat' dir='ltr'> </span> 
     </span>
    </p>
   </div>
  </div>
 </body>
</html>
