3220 5014
753 439 801 508 57,

224 642 381 708 debiliora
394 641 552 725 animalia,
568 641 710 708 Tucbius
724 652 843 708 monet.
876 642 943 710 Ubi
954 665 1031 708 vero
1043 642 1084 707 ab
1096 641 1320 726 alius‘generis

224 750 416 816 animalibus
439 751 664 816 translationes
687 752 778 836 petit,
800 750 845 814 ibi
867 751 900 814 in
922 773 976 816 eas
998 752 1153 837 imprimis
1168 773 1229 831 res,
1252 751 1318 836 qui·

223 859 284 923 bus
307 868 340 923 et
363 858 434 943 ipsa
455 868 608 923 terrorem
632 859 814 923 hominibus
837 859 1006 942 incutiunt,
1028 860 1169 924 animum
1191 870 1320 943 poetam

225 964 401 1048 intendere,
424 967 525 1030 exeis
547 965 587 1030 de
610 966 725 1051 quibus
743 987 803 1030 nos
826 967 949 1050 egimus
970 966 1163 1049 imaginibus
1185 985 1319 1050 cognos-

225 1095 297 1138 cere
318 1073 401 1138 licet.
445 1072 560 1159 Neque
581 1075 666 1138 enim
688 1075 781 1139 aliter
803 1074 871 1138 fere
901 1075 973 1160 equi
996 1083 1143 1138 naturam
1164 1073 1319 1158 depinxit,
1325 1073 1333 1165 l
1347 1085 1374 1133 t-

227 1203 321 1268 quam
344 1202 409 1267 qua
429 1183 497 1246 sive
520 1181 704 1246 bellicosum
733 1192 766 1247 et
796 1182 964 1267 pugnandi
993 1181 1231 1266 cupidissimum
1252 1181 1321 1245 sive

226 1299 398 1356 contumax
420 1299 452 1354 et
474 1288 662 1354 effrenatum
683 1311 755 1354 esse
776 1291 836 1354 hoc
864 1290 983 1358 animal
1013 1289 1168 1354 videatur.
1212 1289 1343 1390 Atque,

225 1407 351 1462 taurum
366 1419 438 1462 eum
453 1399 640 1484 plerumque
662 1397 840 1483 descripsit,
863 1400 917 1484 qui
939 1398 1090 1463 efferatus
1112 1408 1163 1462 est
1184 1406 1216 1461 et
1232 1397 1321 1482 quasi
1334 1394 1356 1438 ¹³

226 1508 357 1570 terroris
379 1506 582 1571 simulacrum
603 1527 681 1590 prae
703 1527 738 1570 se
759 1505 830 1569 fert.
874 1505 1031 1591 Idemque
1042 1505 1082 1570 de
1097 1505 1211 1571 ceteris
1224 1503 1320 1568 rebus

226 1613 394 1678 dicendum
419 1623 476 1695 est,
499 1612 584 1677 unde
599 1612 763 1698 profectae
778 1623 853 1678 sunt
868 1613 1023 1696 imagines
1039 1615 1120 1695 illae,
1144 1613 1184 1677 de
1205 1612 1321 1698 quibus

225 1721 467 1807 disputavimus.
512 1721 597 1785 Nam
619 1722 679 1785 etsi
700 1721 836 1786 mitioris
860 1722 987 1804 generis
1009 1721 1124 1786 similia
1146 1741 1210 1785 non
1232 1741 1319 1806 pror·
1337 1725 1360 1801 l,

227 1852 280 1894 sus
302 1831 423 1914 sprevit
444 1837 558 1914 poeta,
590 1838 697 1893 tamen
724 1829 825 1894 multo
855 1830 1007 1894 maiorem
1036 1849 1204 1894 numerum
1231 1849 1320 1892 usm-

226 1939 316 2024 pavit
338 1959 456 2020 eornm,
480 1937 595 2022 quibus
617 1937 772 2002 terribilia
787 1939 998 2002 continentur.
1032 1936 1126 2017 Quod
1141 1937 1169 2001 si
1184 1935 1320 2021 quaeris,

226 2067 289 2130 qua
310 2068 345 2110 re
365 2045 418 2109 ille
440 2055 617 2110 commotus
639 2044 700 2109 boc
720 2043 847 2129 feeerit,
878 2066 942 2109 non
965 2067 1027 2130 quo
1049 2046 1152 2108 minus
1174 2053 1322 2108 accurate

226 2154 406 2218 universam
428 2173 545 2234 rerum,
568 2175 651 2238 quae
672 2174 709 2217 eo
734 2154 907 2238 pertinent,
929 2162 1077 2217 naturam
1099 2153 1234 2233 noverit,
1266 2150 1320 2216 sed

227 2261 301 2346 quia
322 2270 470 2326 naturam
492 2283 583 2326 suam
605 2271 637 2325 et
656 2260 795 2326 indolem
810 2260 1005 2346 sequebatur
1019 2261 1203 2344 ceteroquin
1226 2259 1321 2323 etiam

225 2369 258 2432 in
279 2367 397 2432 fabulis
420 2370 634 2452 conspicuam.
677 2368 763 2434 Nam
786 2390 857 2432 cum
889 2370 921 2433 in
951 2389 1157 2454 personarum
1181 2366 1322 2430 moribus

226 2475 443 2540 describendis
477 2499 532 2541 eos
561 2478 761 2562 potissimum
791 2486 919 2542 secutus
959 2478 1015 2560 sit,
1053 2477 1107 2562 qui
1137 2474 1321 2539 acerbitatis

226 2583 386 2668 quandam
408 2587 547 2670 speciem
570 2585 764 2672 praeberent
787 2595 884 2670 atque
905 2586 1090 2670 gravitatis,
1121 2605 1186 2648 non
1207 2584 1321 2648 mirum

225 2690 361 2774 videtur,
384 2693 470 2778 quod
492 2693 525 2757 in
548 2693 726 2758 elocutione
747 2692 936 2758 exornanda
952 2695 997 2757 eis
1012 2693 1166 2772 imprimis
1181 2714 1256 2757 usus
1273 2701 1322 2756 est

227 2799 440 2883 imaginibus,
463 2822 546 2885 quae
575 2802 674 2886 ipsius
695 2805 878 2886 χαρακτῆρι
906 2823 1001 2886 quem
1023 2801 1141 2867 Graeci
1171 2800 1322 2864 dixerunt

226 2907 366 2974 maxime
396 2908 635 2992 responderent.
686 2908 756 2973 Iam
792 2911 891 2993 igitur
927 2931 990 2994 qua
1018 2908 1070 2973 ille
1097 2907 1195 2973 fuerit
1223 2909 1321 2973 animi

225 3015 447 3098 magnitudine
477 3026 509 3080 et
537 3017 728 3100 severitate,
758 3016 809 3080 vel
837 3038 878 3080 ex
905 3015 1196 3100 comparationibus
1218 3026 1321 3080 trans·

226 3123 463 3209 lationibusque
478 3123 518 3188 ab
534 3145 572 3190 eo
588 3126 750 3209 usurpatis
765 3125 978 3208 cognoscitur.
1022 3123 1198 3210 Sophocles
1213 3133 1321 3187 autem

226 3240 258 3295 et
280 3232 349 3316 ipse
369 3233 532 3318 propriam
554 3243 701 3298 naturam
724 3243 851 3298 secutus
875 3253 946 3296 cum
964 3233 1009 3296 eis
1022 3232 1161 3297 libenter
1175 3232 1320 3315 imagini·
1343 3257 1345 3265 ·
1367 3271 1376 3300 ,ι

226 3337 285 3402 bus
307 3361 436 3424 operam
459 3340 560 3423 daret,
584 3341 699 3426 quibus
722 3340 885 3405 homiuum
908 3341 1018 3422 animi,
1040 3321 1066 3404 si
1088 3339 1198 3404 dolore
1212 3339 1321 3404 afflicti

226 3457 343 3530 essent,
373 3449 575 3531 erigerentur
607 3458 639 3514 et
670 3449 784 3514 solatio
806 3449 1016 3530 afficerentur,
1039 3470 1080 3513 ne
1101 3449 1171 3512 illas
1193 3448 1321 3533 quidem

225 3555 378 3638 neglexit,
402 3555 517 3641 quibus
540 3555 720 3620 formidinis
742 3557 833 3641 quasi
863 3557 990 3639 signum
1017 3556 1205 3639 impressum
1228 3567 1320 3620 esset.

225 3660 310 3726 Nam
334 3684 406 3727 cum
426 3664 473 3727 ita
503 3664 587 3749 apud
617 3664 705 3728 illum
735 3685 806 3728 cum
837 3665 997 3747 gravitate
1019 3662 1156 3748 quadam
1178 3665 1320 3730 suavitas
1351 3723 1374 3749 „

226 3771 396 3834 coniuncta
417 3780 509 3853 esset,
532 3781 569 3834 ut
590 3771 651 3855 ipsi
672 3781 798 3836 veteres
820 3771 903 3835 illius
924 3764 987 3836 τὸν
1006 3771 1110 3855 μέσον
1128 3777 1321 3858 χαρακτῆρα
1349 3752 1353 3790 ³

226 3879 359 3942 summis
380 3877 528 3944 laudibus
551 3878 719 3963 eflbrrent,
750 3881 841 3964 quasi
875 3877 1110 3944 necessitudine
1140 3901 1178 3944 ae
1206 3865 1322 3946 natura

226 3983 346 4051 factum
368 4007 438 4050 esse
459 3996 611 4071 apparet,
641 3997 677 4051 ut
706 4009 816 4052 earum
845 4008 967 4066 rerum,
998 4009 1077 4072 quas
1101 3987 1320 4074 depingendae

225 4092 287 4158 sibi
309 4095 513 4178 proposuerit
534 4103 638 4179 poeta,
663 4105 699 4159 ut
721 4095 766 4159 ita
788 4094 901 4180 dicam,
932 4097 1038 4161 lumen
1061 4108 1093 4162 et
1116 4097 1244 4161 umbras
1266 4117 1319 4180 pa·

225 4199 304 4266 riter
332 4201 515 4286 respiceret.
566 4202 665 4288 Apud
697 4202 883 4289 Euripidem
917 4204 1072 4289 denique,
1104 4225 1198 4290 quem
1228 4204 1322 4290 copia

225 4307 355 4394 quidem
375 4309 526 4375 similium
547 4310 675 4396 utrique
695 4310 821 4376 illorum
842 4310 955 4376 cedere
976 4311 1124 4396 vidimus,
1146 4310 1232 4376 haud
1246 4331 1319 4376 raro
