3220 5014
745 446 787 514 45

217 647 302 716 Tum
325 651 420 716 etiam
446 652 479 716 in
510 671 547 717 re
568 651 727 736 coniugali
756 651 872 718 dicitur
891 644 1008 735 γάμων
1027 638 1307 735 άπσζεύγνυσθαι,

217 759 302 844 quod
324 781 344 823 a
364 760 565 824 matrimonio
587 760 712 843 seiungi
740 761 808 824 sive
834 759 916 824 illius
945 758 1133 844 participem
1152 779 1218 822 non
1238 757 1308 822 fieri

216 866 387 950 significat.
430 865 482 932 Ita
503 867 602 950 igitur
623 867 840 952 intellegenda
860 876 944 949 sunt,
967 886 1049 951 quae
1070 865 1181 951 Suppl.
1200 887 1229 929 v.
1247 865 1308 932 790

216 996 283 1061 seq.
305 975 441 1059 legimus
464 1000 471 1040 :

416 1084 449 1149 τί
468 1076 612 1169 μὲνγὰρ
632 1073 774 1170 ἤλπιζον
794 1073 837 1148 άν
856 1081 1069 1149 πεπονθέναι

414 1184 530 1269 πάθος
550 1185 718 1278 περισσὸν,
740 1191 769 1257 εἰ
790 1184 906 1276 γάμων
926 1180 1112 1278 άπεζύγην;

218 1298 363 1384 Itemque
384 1299 425 1364 ad
456 1320 523 1364 rem
546 1301 746 1385 coniugalem
767 1308 915 1384 spectant
933 1299 1050 1364 Troad.
1073 1323 1102 1366 v.
1125 1300 1186 1366 662
1207 1321 1307 1386 seqq,

219 1404 273 1470 ubi
301 1406 399 1472 verbo
429 1400 685 1492 διαζεύγνυσθαι
712 1408 950 1492 comparatione
979 1417 1132 1492 usurpato
1158 1407 1238 1488 haec
1264 1407 1307 1472 ab

218 1512 444 1580 Andromache
466 1515 700 1600 proferuntur:
817 1553 819 1557 ,

417 1612 581 1688 α’πέπιυδ
601 1613 715 1708 αὐτὴν,
737 1612 809 1708 ἥτις
830 1613 933 1706 ἄνδρα
954 1615 1018 1688 τάν
1036 1615 1146 1710 πάρος

415 1744 558 1797 καινοῖσι
578 1731 729 1818 λέκτροις
749 1719 954 1812 άποβαλοῦδ
976 1719 1080 1796 άλλὸν
1101 1735 1199 1814 φιλεῖ.

415 1828 487 1904 ἀλλ’
508 1830 587 1905 ούδὲ
607 1843 722 1916 πῶλος
742 1829 813 1924 ἥτις
835 1829 877 1905 άν
897 1839 1032 1924 διαζυγῇ

414 1952 473 2035 τῆς
494 1949 733 2034 συντραφείσης
754 1944 876 2037 ῥᾳδίως
898 1943 984 2028 έλξει
1005 1941 1121 2034 ζυγόν·

415 2057 526 2122 καίτοι
545 2050 586 2122 τὸ
608 2055 773 2143 θηριῶδες
795 2045 974 2140 ἄφθογγόν
992 2056 1022 2122 τ’
1045 2052 1109 2138 ἔφυ

417 2163 545 2243 ξυνέσει
566 2164 595 2228 τ’
616 2153 781 2249 άχρηστσν
800 2166 842 2246 τῇ
864 2156 962 2244 φύσει
982 2186 1019 2228 τε
1039 2164 1200 2232 λείπεται.
1303 2223 1305 2230 ,

219 2270 368 2355 Denique
389 2291 472 2355 quae
492 2292 533 2335 ex
554 2269 715 2354 Aeschylo
737 2267 901 2334 afferenda
922 2280 972 2334 est
992 2270 1175 2354 similitudo,
1204 2273 1307 2354 magis

219 2379 282 2443 iam
295 2378 491 2462 singularem
506 2376 595 2443 verbi
609 2367 854 2463 άποζευγνύναι
869 2399 960 2443 usum
975 2377 1118 2463 praebet.
1162 2377 1307 2472 Dicimus

219 2487 303 2551 enim
325 2507 404 2570 eam,
428 2508 510 2572 quae
533 2485 675 2572 Ohoeph.
698 2508 728 2551 v.
751 2486 812 2551 676
833 2486 926 2551 nobis
945 2486 1115 2552 occurrit:

566 2585 678 2680 ὥσπερ
697 2594 785 2680 δεῦρ’
805 2583 974 2680 άπεζύγην
993 2587 1109 2679 πόδας,

220 2720 302 2785 quae
328 2702 428 2767 verba
457 2711 545 2767 recte
574 2701 734 2768 aWeilio
762 2700 847 2766 huuc
873 2703 907 2766 in
926 2701 1056 2767 modum
1078 2702 1307 2788 explicentur:

221 2810 286 2895 ,ita
306 2811 491 2894 instructus,
512 2821 548 2875 ut
569 2809 704 2896 pedibus
723 2811 836 2876 solutis
858 2811 892 2895 (i.
909 2833 936 2876 e.
952 2811 1067 2876 itinere
1080 2811 1225 2896 peraeto)
1247 2808 1309 2874 huc

219 2917 362 2983 adveni.“
408 2918 613 2996 Probandam
628 2919 726 3003 igitur
741 2927 834 3004 putat
848 2917 1040 2984 scholiastae
1055 2919 1309 3004 explicationem,

221 3026 274 3110 qui
295 3025 375 3091 haec
395 3026 529 3092 adnotat
551 3051 558 3092 :
581 3030 639 3112 τῆς
660 3017 854 3110 ὁδοιπορίας
875 3015 1025 3092 άπέλυσα
1054 3025 1110 3092 ἐπὶ
1135 3030 1186 3111 τῷ
1207 3031 1309 3106 ξενισ-

218 3137 320 3219 equas
339 3135 418 3221 παρ’
444 3124 531 3219 ύμῖν.
582 3123 636 3200 Ἐκ
663 3137 856 3219 μεταφορᾶς
884 3139 954 3200 τῶν
975 3123 1219 3220 ἀπολουμένων
1245 3138 1308 3201 τοῦ

219 3245 320 3326 ζυγοῦ
348 3239 465 3308 ἵππων
495 3243 552 3308 καὶ
582 3241 638 3308 ἐπὶ
670 3235 802 3330 φάτνην
833 3233 1045 3328 ὁρμωμένων.
1097 3243 1192 3308 Duae
1222 3242 1308 3328 opud

220 3349 414 3434 Aeschylum
443 3359 566 3414 restant
592 3351 748 3435 imagines
778 3352 854 3414 satis
884 3351 1071 3436 perspicuae
1099 3349 1140 3416 de
1160 3351 1236 3434 iugo
1258 3347 1309 3414 ar?

220 3458 334 3522 mentis
355 3456 511 3522 demendo
534 3456 730 3542 desumptae,
752 3479 885 3543 quarum
907 3459 1008 3524 altera
1029 3457 1171 3543 Ohoeph.
1194 3478 1224 3522 v.
1246 3456 1308 3522 962

219 3565 408 3648 iuvenilium

416 3672 499 3758 μέγα
521 3672 549 3737 δ’
571 3662 726 3759 άφηρέδη
746 3665 874 3757 ψάλιον
892 3670 1021 3752 οἰκέων,

220 3780 322 3846 altera
343 3780 432 3846 Pers.
454 3802 485 3844 v.
508 3780 570 3845 592
591 3800 680 3867 seqq.
706 3804 713 3845 :

764 3888 900 3954 λέλυται
919 3880 982 3974 γάρ

567 3987 647 4072 λάος
668 3987 831 4083 ἐλεύθερα
851 3989 966 4078 βάζειν

568 4093 613 4180 ὡς
629 4095 738 4189 ἐλύθη
758 4096 859 4187 ζυγὸν
879 4093 990 4181 α’λκᾶς.

302 4211 454 4297 Sequitur
475 4220 511 4276 ut
532 4210 572 4276 de
592 4209 785 4294 imaginihus
807 4209 1021 4295 disputemus,
1053 4228 1134 4296 quae
1155 4209 1195 4274 de
1216 4209 1309 4273 semi-

220 4319 314 4385 nibus
329 4319 518 4406 spargendis
533 4318 719 4404 plantisque
730 4317 885 4404 ponendis
899 4318 1063 4405 profectae
1076 4329 1160 4382 sunt.
1200 4318 1310 4402 Atque
