3220 5014
728 443 925 540 „ra-

281 654 361 728 rent,
384 645 559 731 desumpta.
604 645 713 731 Atque
734 644 810 709 illud
833 644 969 730 quidem,
993 645 1078 731 quod
1100 643 1210 729 propia
1225 642 1265 708 de
1280 644 1368 728 equis

281 752 519 818 calcitrantibus
542 754 666 837 dicitur,
690 754 845 818 translate
865 753 995 839 ponitur
1024 752 1063 819 de
1093 750 1282 832 hominihus,
1314 751 1369 836 qui

281 861 371 946 quasi
393 861 527 948 pedibus
547 862 667 948 aliquid
689 871 856 948 proterunt
877 871 973 947 atque
995 861 1125 926 violant.
1177 860 1369 945 Plerumque

281 969 388 1052 igitur,
410 971 437 1034 si
458 972 503 1034 ita
523 970 657 1035 verbum
687 980 874 1056 usurpatur,
907 990 978 1034 cum
1005 969 1186 1033 accusativo
1216 969 1367 1052 iungitur,

281 1096 375 1160 quem
396 1099 488 1142 usum
510 1077 662 1142 habemus
685 1081 801 1162 Agam.
824 1100 854 1142 v.
876 1078 935 1143 381
958 1099 1047 1163 seqq.
1071 1100 1078 1140 :

478 1175 520 1250 ori
540 1178 603 1270 γάρ
624 1184 714 1251 ἐστιν
736 1184 869 1266 ἔπαλξις

477 1287 629 1359 πλούτου
649 1285 734 1380 πρὸς
754 1287 859 1379 κόρον
879 1282 972 1380 ἀνδρί

478 1403 670 1468 λακτίσαντι
690 1402 793 1487 μέγαν
814 1395 891 1479 Διὸς
911 1394 1026 1486 βωμὸν
1047 1401 1093 1478 εἰς
1113 1390 1285 1481 ἀφάνειαν,

280 1518 377 1592 atque
399 1508 517 1574 ibidem
538 1531 567 1573 v.
591 1509 653 1575 884
675 1532 741 1596 seq.
764 1532 772 1572 :

776 1609 861 1684 ὥστε
884 1612 1046 1703 σύγγονον

477 1730 626 1812 βροτοῖσι
647 1720 709 1791 τὸν
729 1721 878 1792 πεσόντα
900 1727 1051 1792 λακτίσαι
1073 1725 1187 1790 πλέον.

281 1835 452 1902 Praeterea
464 1835 578 1900 ‘Prom
602 1857 631 1899 v.
654 1836 713 1900 881
736 1835 882 1918 legitur:

476 1944 593 2030 κραδία
615 1943 652 2009 δὲ
673 1937 771 2030 φόβῳ
792 1943 897 2027 φρένα
919 1943 1075 2025 λακτίζει,

279 2052 333 2116 ubi
355 2052 546 2118 sollicitandi
576 2053 643 2116 sive
678 2050 815 2117 vexandi
852 2052 982 2115 notione
1019 2049 1198 2135 praeditum
1233 2049 1367 2115 verbum

278 2162 443 2244 λακτίζειν
485 2159 645 2225 habemus.
716 2159 784 2224 lam
828 2181 899 2224 cum
939 2169 1114 2244 aequantur
1151 2159 1250 2223 verba
1280 2152 1366 2244 πρὸς

278 2268 399 2354 κέντρα
443 2270 627 2351 λακτίζειν,
671 2289 750 2332 voce
791 2268 932 2354 κέντρον
963 2268 1122 2332 stimulum
1154 2267 1258 2350 illum,
1302 2287 1364 2351 quo

278 2377 428 2442 animalia
448 2378 574 2441 incitari
596 2378 710 2459 solent,
743 2375 916 2458 significari
938 2385 1035 2461 atque
1056 2375 1096 2439 de
1115 2374 1175 2439 hoc
1195 2376 1265 2460 ipso
1287 2376 1365 2439 satis

278 2485 391 2549 multas
412 2485 568 2569 imagines
591 2483 675 2548 infra
696 2483 878 2548 tractandas
900 2483 1061 2569 profectas
1085 2505 1154 2548 esse
1176 2505 1363 2548 commemo·

276 2591 410 2658 randum
433 2601 490 2656 est.
534 2591 695 2658 Universa
716 2600 821 2656 autem
843 2591 898 2655 illa
918 2591 1077 2656 locutione
1096 2593 1198 2676 ipsam
1219 2591 1363 2655 animalis

276 2708 421 2770 naturam
454 2699 626 2783 significari
658 2709 907 2765 consentaneum
939 2709 995 2764 est.
1056 2699 1143 2764 Nam
1184 2721 1255 2764 cum
1286 2699 1363 2764 illud

276 2800 361 2892 πρὸς
391 2807 511 2893 κέντρα
541 2808 707 2890 λακτίζειν
734 2807 774 2872 de
802 2809 840 2871 iis
871 2809 960 2893 equis
991 2809 1119 2894 proprie
1147 2806 1286 2890 dicatur,
1308 2809 1362 2892 qui

276 2915 402 2978 stimulo
424 2917 565 3000 percussi
587 2917 753 2980 calcitrant
773 2925 870 3000 atquc
891 2916 1022 2999 aurigae
1038 2915 1194 2979 voluntati
1214 2915 1363 2979 resistere

276 3021 415 3103 student,
439 3023 591 3087 translate
613 3024 742 3108 ponitur
764 3023 803 3087 de
825 3045 880 3105 eo,
912 3025 966 3109 qui
988 3023 1120 3088 alicuius
1142 3024 1276 3107 imperio
1298 3045 1361 3087 non

276 3129 483 3215 obtemperat.
544 3131 616 3210 Quo
656 3154 751 3197 sensu
783 3143 936 3217 usurpata
967 3141 1058 3215 sunt,
1096 3153 1177 3218 quae
1210 3130 1362 3214 Aeschyli

276 3238 391 3322 Agam.
415 3259 444 3302 v.
471 3239 550 3304 1624
570 3239 610 3303 ad
633 3239 764 3304 chorum
786 3262 957 3305 conversus
980 3239 1156 3324 Aegisthus
1178 3238 1329 3325 profert:

591 3341 676 3434 πρὸς
696 3348 818 3434 κέντρα
838 3340 883 3433 μὴ
903 3342 1044 3430 λάκτιζε.

276 3453 484 3539 Eandemque
506 3455 725 3540 metaphoram
740 3456 824 3541 apud
839 3456 1025 3541 Euripidem
1048 3455 1200 3521 habemus
1223 3457 1261 3521 ir.
1279 3457 1363 3521 607:

422 3555 508 3647 πρὸς
529 3562 650 3649 κέντρα
671 3556 716 3648 μὴ
737 3557 868 3646 λάκτιζε
889 3576 960 3640 τοῖς
981 3565 1140 3648 κρατοῦσί
1162 3582 1223 3630 σου

274 3678 371 3754 atque
403 3669 518 3734 Bacch.
547 3692 576 3734 v.
599 3671 661 3735 794
682 3691 769 3756 seq.,
808 3671 864 3735 ubi
895 3672 1070 3756 Dionysius
1105 3672 1283 3739 Pentheum
1315 3674 1363 3738 his

275 3776 381 3842 verbis
403 3778 591 3844 adhortatur
614 3803 621 3844 ε

423 3880 536 3970 θύοιμ’
557 3879 599 3952 ἂν
621 3877 715 3973 αὐτῷ
735 3892 863 3972 μᾶλλον
884 3880 904 3974 ἢ
926 3883 1138 3973 θυμούμενος

423 3987 508 4080 πρὸς
526 3995 648 4080 κέντρα
669 3997 853 4080 λακτίζοιμι
873 3990 999 4082 θνητὸς
1021 3989 1069 4062 ὢν
1090 4001 1172 4081 θεῷ.

275 4098 498 4167 Translatione
520 4102 634 4167 deinde
656 4103 760 4187 paullo
782 4102 951 4168 audaciore
972 4103 1055 4189 apud
1078 4104 1214 4170 eundem
1235 4114 1362 4189 poetam

274 4200 359 4292 πρὸς
390 4212 477 4293 κῦμα
509 4209 679 4292 λακτίζειν
707 4221 823 4276 nautae
856 4211 1012 4294 dicuntur,
1045 4214 1099 4297 qui
1131 4213 1226 4276 maris
1257 4212 1362 4277 undae

274 4314 430 4380 obluctari
456 4325 553 4400 atque
582 4327 677 4381 vento
708 4317 843 4382 adverso
873 4321 1026 4401 navigare
1054 4319 1193 4384 student.
1244 4319 1362 4384 Exstat
