3220 5014
791 417 832 486 58

714 507 913 516 ----

266 621 323 688 cae
360 622 453 687 nohis
484 629 656 686 occurrunt
686 611 923 703 translationes,
956 641 1039 706 quae
1073 621 1178 685 minus
1214 619 1361 706 propriae

265 733 364 818 ipsius
385 730 447 796 arti
470 740 568 816 atque
588 729 718 813 ingenio
740 728 850 794 deberi
872 728 1054 793 videantur.
1108 727 1192 793 Nam
1215 729 1275 793 etsi
1296 749 1361 794 non

266 825 382 904 desunt
403 847 518 924 poetae
541 837 689 922 exempla
710 837 789 901 satis
804 837 988 920 singularia,
1011 835 1126 920 quihus
1145 835 1250 900 studio
1265 845 1362 920 atque

227 1014 231 1027 ,
264 967 373 1012 amore
401 947 434 1009 in
463 945 530 1010 eius
558 943 645 1008 modi
666 943 926 1008 similitudinibus
957 942 1172 1029 perpoliendis
1199 952 1361 1008 versatum

219 1034 229 1151 ,f
264 1074 337 1118 eum
359 1075 429 1118 esse
450 1052 700 1134 demonstretur,
732 1061 840 1116 tamen
870 1050 956 1116 haud
984 1051 1050 1115 scio
1071 1072 1113 1114 au
1134 1051 1236 1114 maior
1257 1060 1362 1132 exstet

212 1155 219 1248 ς’
264 1183 414 1226 uumerus
429 1183 547 1243 earum,
569 1181 649 1246 quas
664 1181 722 1224 usu
744 1157 884 1244 quodam
904 1180 943 1223 ac
964 1157 1195 1223 consuetudine
1215 1167 1361 1242 receptas

208 1251 213 1338 f
265 1291 335 1334 esse
356 1269 415 1334 tibi
437 1266 640 1353 persuadeas.
684 1265 778 1345 Quod
794 1267 923 1353 quidem
938 1267 989 1331 vel
1004 1287 1094 1332 exeo
1109 1276 1253 1351 apparet,
1276 1265 1362 1351 quod

266 1376 321 1440 uhi
342 1377 481 1462 largiore
501 1395 598 1439 manu
620 1373 660 1438 ab
676 1374 729 1439 illo
746 1395 875 1459 sparsas
890 1375 1070 1439 invenimus
1085 1374 1216 1439 alicuius
1233 1375 1360 1460 generis

264 1484 437 1568 imagines,
467 1482 653 1567 plerumque
681 1503 737 1545 eae
767 1481 1006 1566 aequabilitatis
1036 1481 1201 1548 cuiusdam
1223 1483 1360 1568 speciem

264 1613 342 1676 prae
363 1613 398 1656 se
419 1589 528 1655 ferunt
550 1611 588 1653 ac
609 1609 705 1674 saepe
726 1588 808 1653 aliae
829 1589 871 1653 ad
892 1589 1026 1653 aliarum
1041 1590 1280 1656 similitudinem
1294 1600 1360 1654 tam

264 1719 364 1783 prope
394 1697 568 1780 accedunt,
598 1707 635 1762 ut
663 1696 720 1760 vix
748 1677 832 1762 idter
860 1717 895 1761 se
924 1695 1068 1762 diversae
1090 1719 1161 1762 esse
1181 1697 1359 1764 videantur.

267 1804 333 1871 sed
354 1805 434 1870 haec
455 1803 584 1891 quidem
604 1804 769 1869 haetenus.

350 2024 505 2090 Venimus
527 2045 613 2089 nunc
634 2024 675 2089 ad
696 2024 830 2089 alteram
852 2026 1131 2090 commentationis
1146 2035 1360 2112 nostraepar-

266 2144 348 2218 tem,
381 2153 445 2220 qua
473 2132 514 2196 de
536 2132 828 2217 comparationibus
850 2133 1177 2218 translationibusque
1198 2133 1360 2219 disputan-

267 2243 344 2308 dum
366 2243 426 2306 erit
447 2264 488 2306 ex
510 2241 555 2306 eis
576 2240 672 2305 rebus
693 2241 862 2326 profectis,
892 2263 975 2328 quae
996 2241 1038 2306 ad
1065 2251 1230 2327 pastorum
1260 2243 1361 2305 vitam

265 2351 438 2438 pertinent.
481 2350 532 2413 Ac
553 2347 744 2433 Sophoclem
767 2347 912 2433 quidem,
946 2351 1006 2414 atsi
1034 2348 1149 2413 durum
1176 2349 1254 2414 illud
1275 2347 1361 2414 vitae

264 2479 366 2544 genus
397 2467 430 2522 et
464 2456 611 2522 laborum
645 2456 926 2542 molestiarumque
957 2456 1086 2543 plenum
1119 2457 1360 2539 existimaverit,

264 2578 371 2632 tamen
393 2564 531 2629 libenter
553 2565 650 2629 etiam
671 2563 901 2628 delectationes
923 2585 987 2642 eas,
1010 2585 1092 2650 quae
1114 2566 1221 2649 insint,
1253 2585 1359 2650 perce·

265 2675 351 2759 pisse
373 2694 413 2737 ex
436 2671 640 2756 imaginibus,
662 2693 742 2758 quas
757 2671 832 2736 inde
846 2673 1005 2757 petiverit,
1030 2694 1185 2759 apparere
1202 2672 1361 2738 Lueckius

264 2779 437 2846 contendit.
488 2778 604 2865 Neque
640 2781 725 2844 enim
752 2781 935 2865 imperitum
965 2791 1094 2866 poetam
1122 2780 1221 2845 fuisse
1251 2800 1360 2846 earum

264 2887 524 2969 delectationum,
548 2886 663 2972 quihus
686 2889 754 2952 vita
774 2887 828 2951 illa
849 2887 1001 2972 abundet,
1029 2899 1127 2974 atque
1148 2889 1213 2954 leui
1234 2908 1362 2973 quoque

262 2996 389 3060 fistulae
419 2997 611 3081 pastoritiae
652 3016 729 3059 sono
760 3017 870 3060 aurem
907 2996 1101 3081 praebuisse.
1162 2996 1257 3075 Quod
1290 3017 1361 3060 cum

264 3106 293 3168 ei
329 3103 571 3170 concedendum
609 3103 757 3168 videatur
791 3103 999 3168 vehementer
1026 3103 1219 3190 Sophoclem
1255 3126 1361 3170 rerum

263 3212 473 3297 pastoralium
506 3212 646 3276 studium
678 3212 861 3298 amplexum
904 3233 976 3276 esse
1008 3233 1119 3298 ,neque
1157 3213 1255 3277 ullam
1293 3211 1361 3278 fere

265 3321 332 3383 eius
367 3328 492 3404 partem
529 3321 563 3383 in
606 3318 762 3383 similibus
805 3319 880 3384 inde
922 3318 1126 3384 desumendis
1167 3318 1360 3404 neglexisse,

263 3429 326 3491 iam
356 3426 433 3512 quid
462 3425 502 3490 de
532 3425 693 3510 Aeschylo
722 3434 755 3490 et
775 3426 930 3511 Euripide
959 3426 1165 3492 iudicandum
1192 3428 1234 3493 sit
1266 3447 1360 3512 quae·

261 3555 369 3600 ramus
397 3543 512 3620 atque,
543 3555 616 3598 cum
647 3533 708 3598 hoc
736 3535 797 3598 nisi
826 3557 868 3599 ex
895 3534 987 3598 huius
1009 3535 1137 3618 generis
1165 3536 1359 3620 imaginibus

262 3641 304 3706 ab
326 3641 387 3706 illis
408 3643 570 3726 usurpatis
593 3642 744 3726 cognosci
772 3663 837 3707 nou
867 3642 984 3728 possit,
1018 3643 1261 3728 pertractandas
1290 3645 1360 3710 illas

262 3749 482 3835 suscipiamus.

345 3855 478 3921 Initium
506 3867 614 3920 autem
643 3855 826 3920 faciendum
858 3866 907 3922 est
935 3879 955 3921 a
983 3877 1062 3921 voce
1082 3852 1208 3944 ποιμὴν
1228 3861 1360 3946 eiusque

264 3962 418 4028 derivatis
440 3964 493 4028 vel
514 3965 708 4050 compositis.
751 3963 868 4050 Neque
882 3975 989 4030 tamen
1005 3967 1138 4030 nimium
1154 3967 1358 4032 tribuendum

263 4091 333 4134 esse
355 4070 515 4135 Lueokius
534 4081 627 4156 putat
657 4073 814 4137 translato
843 4072 927 4137 illius
958 4075 1045 4138 vocis
1076 4075 1165 4158 usui,
1195 4096 1290 4161 quem
1318 4075 1359 4140 ad

262 4177 442 4244 Homerum
473 4178 676 4244 referendum
709 4201 780 4244 esso
810 4185 898 4246 recte
931 4191 1051 4247 monet.
1093 4181 1178 4247 Nam
1209 4184 1279 4268 quis
1310 4193 1359 4248 est

264 4286 344 4370 quin
363 4288 518 4358 memoria
539 4296 657 4377 teneat,
679 4289 866 4378 saepissime
887 4289 971 4375 apud
994 4290 1081 4354 illum
1101 4291 1245 4375 ποιμένα
1267 4295 1359 4356 λαῶν
