3220 5014
747 465 943 571 *rs*

545 675 655 740 καίτοι
675 667 818 749 τοκάδος
840 673 961 759 δέργμα
983 673 1112 758 λεαίνης

548 772 742 867 α’νιοταυροῖ
744 805 799 847 ται
821 782 954 865 δμωοίν,

301 911 383 975 quae
403 891 490 955 nulla
511 912 546 956 re
567 888 608 954 ab
630 888 892 953 antecedentibus
914 887 1065 952 differunt
1093 889 1154 952 nisi
1177 888 1261 974 quod
1283 888 1388 954 verbis

299 997 419 1082 δέργμα
440 998 570 1082 λεαίνης
592 998 694 1061 altera
716 995 808 1060 simul
830 997 937 1079 imago
967 996 1065 1080 priori
1095 995 1296 1079 adiungitur,
1326 1018 1389 1082 qua

299 1105 432 1170 Medeae
453 1107 616 1170 oculorum
639 1105 672 1166 in
694 1103 824 1167 ancillas
846 1102 982 1167 fixorum
1014 1114 1161 1188 aspectus
1183 1103 1269 1168 ferus
1291 1099 1389 1169 fuisse

300 1212 507 1296 significatur.
551 1211 616 1277 Sed
639 1210 717 1274 haec
738 1209 779 1273 ad
800 1219 943 1274 nostram
959 1212 1177 1295 quaestionem
1193 1212 1296 1275 minus
1319 1235 1388 1297 per-

241 1393 242 1398 *
300 1323 411 1385 tinent.
454 1321 563 1384 Alium
584 1317 675 1382 verbi
696 1322 904 1403 ταυροῦσδαι
926 1318 1010 1403 apud
1026 1319 1222 1404 Aeschylum
1236 1319 1388 1384 habemus

299 1450 400 1510 usum,
423 1429 477 1512 qui
500 1427 643 1512 Choeph.
665 1427 778 1492 νι275
800 1449 807 1490 :

497 1525 762 1621 ἀποχρημάτοισι
784 1535 912 1620 ζημίαις
932 1528 1162 1620 ταυρούμενον

301 1644 451 1714 Orestem
472 1643 566 1727 dicit,
597 1643 682 1728 quod
711 1642 751 1706 de
780 1653 872 1707 tauro
899 1643 1033 1728 petitum
1064 1644 1261 1708 irritamento
1282 1645 1388 1729 aliquo

300 1750 431 1816 efferato
463 1751 618 1815 bonorum
657 1752 836 1836 privatione
876 1763 1097 1835 exasperatum
1138 1752 1389 1834 Agamemnonis

300 1859 399 1924 filium
441 1857 609 1942 significat.
667 1858 818 1943 Sequitur
854 1847 1049 1943 ἀταύρωτος
1088 1858 1164 1922 illud
1201 1858 1241 1922 de
1277 1857 1388 1924 eodem

300 1967 398 2032 verbo
421 1987 492 2031 cum
517 1991 538 2031 α
559 1967 720 2050 privativo
743 1967 918 2050 composito
939 1967 1135 2049 derivatum,
1164 1966 1251 2051 quod
1272 1966 1387 2050 Agam.
1414 2053 1416 2058 Ι

300 2097 330 2138 v.
351 2073 414 2138 244
434 2073 623 2160 Iphigeniae
654 2072 808 2137 tributum
840 2073 880 2137 ad
910 2075 977 2138 eius
999 2075 1217 2157 virginitatem
1238 2075 1387 2159 pertinet.

301 2183 365 2262 Qui
386 2183 514 2268 quidem
536 2180 626 2246 verbi
646 2174 781 2265 ταυρόω
804 2203 878 2245 usus
899 2181 983 2246 idem
1013 2181 1099 2246 valet
1129 2180 1213 2266 quod
1241 2173 1388 2266 δρῴσκω

300 2292 467 2354 transitivo
489 2311 582 2356 sensu
603 2299 798 2375 usurpatum.
841 2289 1024 2375 Utrumque
1045 2289 1129 2353 enim
1152 2288 1192 2354 de
1207 2298 1298 2354 tauro
1313 2289 1388 2353 dici·

301 2407 361 2480 tur,
384 2399 438 2483 qui
459 2417 589 2463 vaccam
620 2396 786 2481 gravidam
814 2397 930 2480 reddit,
961 2408 996 2461 ut
1017 2397 1067 2462 vel
1089 2399 1297 2462 translatione
1318 2419 1388 2481 per-

300 2505 405 2570 lucida
434 2495 627 2590 ἀταύρωτος
667 2507 824 2589 virginem
863 2508 1020 2590 integram
1062 2505 1243 2590 significare
1277 2506 1387 2588 possit.

301 2612 442 2678 Alterius
463 2634 540 2677 vero
562 2612 647 2699 quod
669 2615 984 2678 commemoravimus
1007 2612 1096 2677 verbi
1123 2634 1215 2677 usum
1236 2612 1389 2677 habemus

300 2720 550 2806 metaphoricum
572 2720 663 2784 Eum.
680 2742 710 2784 v.
726 2720 796 2804 660,
819 2720 873 2784 ubi
896 2711 914 2785 ὃ
936 2710 1102 2805 θρῴσκων
1123 2720 1162 2784 de
1176 2722 1245 2784 viro
1267 2719 1388 2785 intelle·

301 2828 441 2913 gendum
463 2836 521 2911 est,
543 2828 597 2912 qui
619 2828 769 2892 feminam
791 2827 957 2912 gravidam
977 2828 1114 2893 reddens
1134 2829 1252 2892 liberos
1274 2829 1388 2912 gignit,
1441 2863 1442 2866 κ

300 2937 319 3000 i.
344 2934 432 3001 ede
460 2945 560 3020 patre.
610 2935 734 3000 Eodem
764 2939 903 3020 pertinet
934 2935 1011 3000 illud
1039 2928 1207 3021 θρῴσκων
1235 2929 1389 3001 κνώδαλα

306 3043 359 3126 (fr.
377 3043 439 3127 13),
462 3042 546 3127 quod
569 3041 750 3128 Hesychius
771 3043 909 3128 explicat
931 3041 1117 3127 ἐκδορίζων
1137 3045 1193 3108 καὶ
1214 3044 1389 3127 σπερματί-

302 3156 386 3233 ζων,
417 3155 553 3235 γεννῶν.
606 3150 674 3214 Iam
705 3153 848 3236 sequitur
875 3153 981 3235 imago
1010 3151 1126 3236 Agam.
1148 3174 1178 3215 v.
1203 3151 1282 3216 1125
1301 3172 1387 3236 seqq.

303 3269 452 3342 exstans,
493 3279 557 3343 qua
590 3257 846 3342 Clytaemnestra
875 3263 972 3341 βοῦς,
1012 3261 1236 3343 Agamemnon
1267 3261 1388 3342 ταῦρος

302 3375 443 3429 vocatur.
486 3365 554 3432 Ubi
583 3387 654 3429 cum
684 3366 835 3431 librorum
863 3369 1020 3453 scriptura
1047 3376 1198 3452 corrupta
1224 3369 1281 3448 sit,
1311 3366 1389 3430 haec

302 3473 400 3537 fuisse
423 3473 625 3538 Cassandrae
645 3473 744 3538 verba
765 3496 837 3539 cum
860 3472 976 3538 Weilio
998 3474 1075 3539 mihi
1098 3477 1240 3559 persuasi
1262 3499 1269 3540 ε

783 3571 898 3665 ἀπεχε
917 3585 977 3658 τᾶς
997 3575 1078 3662 βοὸς

548 3682 611 3754 τὸν
631 3693 770 3774 ταῦρον·
794 3687 831 3754 ἐν
851 3689 984 3758 πέπλου
1004 3712 1057 3756 νιν

548 3789 757 3882 μελάγκερως
778 3800 924 3877 λαβοῦσα
945 3791 1150 3883 μηχανήματι

549 3897 677 3969 τύπτει.
1051 3976 1053 3982 ,

302 4015 387 4080 Nam
409 4034 479 4078 oum
501 4013 561 4077 hoc
583 4011 652 4075 loco
668 4012 829 4078 funestum
846 4012 1099 4096 Agamemnonis
1114 4015 1277 4078 interitum
1292 4015 1388 4097 signi-

303 4122 391 4186 ficari
412 4122 613 4206 perspicuum
635 4121 684 4202 sit,
707 4119 788 4184 bene
810 4120 1067 4205 Clytaemnestra
1094 4142 1165 4185 cum
1187 4143 1285 4184 vacca
1306 4142 1387 4184 oom—

303 4231 409 4316 parari
431 4227 571 4308 videtur,
601 4247 682 4312 quae
709 4229 809 4311 nigris
838 4229 986 4292 cornibus
1008 4231 1283 4313 Agamemnonem
1304 4227 1388 4308 ferit,

303 4360 362 4404 neo
384 4337 493 4402 dubito
516 4333 662 4421 equidem
684 4337 761 4421 quin
790 4335 849 4400 hac
880 4336 919 4401 de
948 4358 1043 4400 causa
1070 4337 1156 4401 illam
1184 4346 1281 4421 poeta
1306 4339 1390 4417 βοῦν
