3220 5014
686 459 721 525 21

407 652 486 726 τάδε
507 661 662 745 μαντείας
682 649 758 740 olgea
779 662 914 744 πολλῆς,

406 757 496 843 ὅστις
517 785 553 834 οε
574 771 670 833 θεῶν
688 756 905 853 οἷναοειροίζει,
1250 844 1255 854 .

155 874 211 939 ubi
233 873 402 939 scholiasta
423 875 584 940 adnotat:
615 865 683 940 dud
712 879 906 961 μεταφορᾶς
933 878 1005 940 τῶν
1029 888 1102 952 ταῖς
1123 890 1245 962 σειραῖς

155 984 465 1068 παρακρουομένων
485 981 601 1048 ίτιπων
621 985 677 1050 καὶ
698 987 759 1049 τοῦ
782 973 902 1060 εὐθέος
923 979 1047 1069 δρόμου
1060 989 1245 1069 παρεκβαλ-

157 1090 318 1175 λομένων.

241 1197 309 1262 Iam
331 1219 407 1262 vero
429 1198 499 1263 illas
520 1200 674 1283 imagines
696 1199 880 1264 tractandas
909 1200 1134 1284 suscipiamus,
1164 1221 1246 1285 quae

160 1305 200 1372 de
220 1306 317 1370 verbo
339 1300 511 1391 ζευγνύναι
533 1308 601 1372 sive
622 1305 662 1370 de
684 1307 846 1374 vocabulis
876 1316 932 1371 aut
964 1305 1161 1372 derivatione
1190 1318 1246 1372 aut

159 1415 388 1500 compositione
415 1414 456 1479 ab
485 1415 538 1479 illo
569 1416 650 1478 ortis¹
675 1415 860 1500 desumptae
889 1424 972 1479 sunt.
1026 1415 1089 1495 Qui
1118 1414 1246 1500 quidem

158 1542 234 1586 usus
255 1533 291 1587 ut
312 1522 396 1609 apud
419 1522 610 1608 Sophoclem
633 1523 678 1587 ita
699 1523 784 1606 apud
805 1520 1001 1606 Aeschylum
1030 1532 1127 1608 atque
1149 1525 1247 1587 etiam

159 1629 244 1715 apud
265 1630 450 1715 Euripidem
472 1631 626 1694 latissime
647 1638 744 1714 patet.
787 1627 871 1696 Sunt
892 1639 998 1694 autem
1022 1629 1184 1714 exempla,
1213 1631 1246 1694 in
1365 1701 1371 1713 ‚

160 1737 275 1822 quibus
312 1739 505 1825 comparatio
540 1739 609 1803 sive
644 1736 810 1832 translatio
845 1745 912 1802 tam
941 1746 1088 1803 accurate
1117 1747 1247 1823 temque

160 1846 328 1931 perspicue
359 1845 588 1928 introducitur,
627 1854 662 1909 ut
702 1844 742 1910 ad
773 1845 945 1928 imaginem
977 1845 1062 1909 illam
1093 1845 1246 1931 imprimis

160 1953 244 2020 clare
266 1975 469 2038 expressam,
499 1975 580 2039 quae
611 1952 778 2039 Sophoclis
800 1952 878 2017 Ant.
900 1975 930 2016 v.
952 1953 1015 2018 290
1036 1973 1125 2039 seqq.
1147 1954 1245 2018 conti·

160 2070 263 2144 netur,
286 2082 384 2146 prope
406 2061 557 2126 accedere
576 2060 753 2124 videantur.
795 2060 880 2124 Dico
895 2061 979 2125 enim
996 2061 1142 2146 primum,
1165 2081 1246 2146 quae

160 2168 323 2253 Euripidis
343 2167 422 2234 Hec.
444 2190 474 2233 u.
497 2169 558 2234 375
579 2189 644 2254 seq.
666 2169 870 2234 inveniuntur
892 2192 899 2232 :

308 2267 399 2353 ὅστις
419 2270 480 2362 γὰρ
503 2265 565 2341 οὐκ
586 2274 689 2342 elis
710 2269 868 2360 γεύεσθαι
888 2278 1011 2355 κακῶν,

309 2385 402 2470 φέρει
421 2383 492 2469 μέν,
514 2373 609 2470 ἄλγει
626 2383 663 2467 d,
686 2372 796 2467 αὐχέν’
816 2381 962 2460 ἐντιθείς
983 2386 1081 2468 ζυγῷ,

160 2491 275 2558 deinde
296 2514 378 2578 quse
397 2492 516 2557 ibidem
537 2514 567 2556 u.
589 2491 652 2557 466
672 2512 760 2577 seqq.
782 2490 917 2576 legimus
939 2514 947 2555 :

455 2591 476 2686 ἢ
497 2593 673 2676 Παλλάδος
694 2597 731 2664 ἐν
751 2592 850 2666 πόλει

402 2779 407 2792 ,
453 2711 514 2785 τᾶς
533 2708 751 2792 καλλιδίφρου
764 2695 858 2774 Ἄθα-

456 2818 550 2892 ναίας
571 2814 608 2881 ἐν
628 2815 759 2902 κροκέῳ
779 2815 899 2901 πέπλῳ

457 2915 611 3008 ζεύξομαι
631 2914 752 3009 ἅρματι
772 2915 917 3002 πόλους,

165 3055 244 3120 quse
264 3033 364 3099 verba
384 3031 425 3098 sd
446 3032 524 3098 deae
546 3053 643 3117 equos
674 3031 779 3096 textili
806 3032 931 3117 pictura
960 3028 1128 3113 lingendus
1158 3051 1246 3116 spec·

164 3149 240 3207 tant.
283 3142 456 3207 Praeterea
476 3141 538 3206 huc
558 3140 698 3227 pertinet
718 3137 872 3223 Aeschyli
894 3139 1008 3223 Agam.
1031 3159 1061 3200 v.
1080 3137 1143 3202 529
1164 3159 1172 3200 ι

358 3242 489 3315 τοιόνδε
514 3248 614 3338 Τροίᾳ
634 3241 827 3333 περιβαλών
846 3239 1049 3332 ζευκτήριον.

162 3357 275 3443 Neque
305 3357 480 3423 omittenda
507 3365 556 3422 est
582 3357 706 3439 imago,
735 3377 817 3441 quae
847 3354 988 3440 Choeph.
1017 3375 1047 3416 v.
1076 3351 1138 3417 794
1158 3373 1246 3437 seqq.

163 3475 295 3532 exstat:

407 3572 478 3639 ίοθι
499 3572 527 3637 d
548 3561 669 3657 ἀνδρὸς
690 3571 793 3652 φίλου
812 3572 931 3636 κῶλον
951 3553 1002 3634 ed

406 3703 461 3747 νιν
480 3680 606 3765 ζυγέντ’
628 3678 666 3746 έν
686 3670 807 3765 ἅρματι

407 3782 579 3875 πημάτων,

163 3896 217 3961 ubi
247 3897 354 3962 verbis
382 3886 503 3983 ἀνδρὸς
535 3897 636 3978 φίλου
671 3898 789 3960 πῶλον
821 3893 971 3960 Orestem
1002 3889 1177 3974 significari
1209 3888 1250 3954 de

163 4004 353 4087 imaginibus
374 4003 415 4068 ab
437 4005 510 4090 equi
533 4013 647 4067 natura
668 3991 775 4087 petitis
797 4000 998 4086 disputantes
1026 4000 1090 4064 iam
1113 4019 1247 4062 comme·

162 4113 362 4177 moravimus.
406 4111 572 4176 Accedunt
592 4111 759 4194 imagines,
782 4108 897 4194 quibus
912 4107 1040 4172 Xerxes
1060 4105 1152 4192 quasi
1172 4106 1249 4188 iugo

164 4218 322 4286 domuisse
343 4242 431 4286 mare
454 4218 654 4302 describitur,
677 4219 795 4304 quippe
817 4216 903 4304 quod
924 4225 1024 4302 ponte
1040 4214 1188 4300 imposito
1204 4214 1250 4276 ita

163 4348 289 4394 servum
310 4327 371 4394 sibi
393 4328 521 4412 fecerit,
543 4337 577 4392 ut
599 4324 733 4412 pedibus
754 4348 795 4391 ex
816 4325 897 4392 Asia
916 4326 948 4389 in
963 4324 1127 4409 Europam
1147 4329 1248 4386 trans·
