3220 5014
694 409 797 511 ὀι

236 659 384 715 naturam
403 643 532 714 illorum
549 647 800 733 pernoscendam
823 671 892 714 csse
907 649 1011 734 quivis
1027 647 1189 715 concedet.
1223 648 1332 728 Quare

236 756 277 824 de
298 758 359 823 hac
380 779 415 821 re
437 756 640 841 desumptam
661 756 723 821 huc
744 756 920 840 adiungere
941 757 1033 822 nobis
1054 758 1148 823 liceat
1169 758 1329 822 translati-

235 887 340 949 onem,
363 887 445 952 quae
467 864 622 949 Aeschyli
643 865 761 946 Agam.
785 887 814 930 v.
838 866 898 930 795
920 866 1066 949 legitur:

250 1061 251 1066 γ
478 961 569 1048 ὅστις
589 972 617 1037 d’
639 962 768 1057 ἀγαθὸς
790 968 1096 1058 προβατογνώμων,

235 1081 291 1145 ubi
311 1073 610 1165 προβατογνώμων
632 1080 673 1144 ad
694 1081 783 1145 illum
803 1081 947 1165 ποιμένα
968 1087 1060 1147 λαῶν
1081 1083 1230 1167 pertinet.

318 1187 506 1274 Sequuntur
537 1189 694 1272 imagines
728 1187 767 1252 de
797 1189 897 1254 verbo
929 1182 1065 1270 βόσκειν
1096 1198 1194 1274 atque
1223 1189 1264 1254 de
1285 1192 1330 1254 eis

234 1296 409 1379 vocabulis,
433 1318 609 1382 quaecum
632 1296 684 1360 illo
708 1297 896 1380 cohaerent,
927 1297 1106 1382 profectae,
1136 1319 1215 1382 quas
1244 1298 1331 1384 apud

235 1402 427 1488 Sophoclem
451 1403 580 1488 quidem
603 1403 709 1489 paullo
729 1406 833 1488 magis
863 1405 927 1467 iam
956 1404 1080 1469 vividas
1102 1415 1135 1470 ct
1156 1406 1331 1471 luculentas
1385 1491 1388 1496 Δ

234 1511 416 1596 partimque
439 1512 644 1575 suavissimas
667 1533 737 1576 esse
758 1511 918 1576 Lueckius
942 1511 1116 1576 contendit.
1159 1511 1199 1576 In
1215 1512 1330 1598 quibus

235 1640 308 1682 cum
330 1618 569 1683 celeberrimam
598 1642 668 1684 esse
696 1628 787 1706 putet
816 1641 896 1704 eam,
927 1641 1009 1706 quae
1030 1621 1081 1686 Ai.
1103 1643 1133 1685 v.
1156 1621 1218 1685 612
1239 1643 1328 1706 seqq.

235 1738 349 1810 exstet,
372 1738 469 1812 atque
491 1749 555 1792 una
576 1727 630 1792 illa
651 1728 811 1812 explicata
840 1737 969 1814 poetam
998 1750 1052 1792 eas
1079 1751 1130 1792 res
1152 1728 1328 1812 diligentis·

235 1837 314 1900 sime
335 1835 522 1900 observasse
543 1835 687 1920 intellegi
708 1836 770 1900 sibi
791 1835 1000 1921 persuadeat,
1028 1835 1135 1900 facere
1162 1858 1228 1900 non
1257 1859 1328 1922 pos-

235 1965 305 2008 sum
327 1945 403 2028 quin
426 1944 504 2007 mihi
525 1942 654 2029 quidem
675 1945 807 2008 nimiam
833 1943 908 2008 inde
940 1944 1065 2009 laudem
1087 1943 1239 2029 Sophocli
1260 1947 1329 2009 vin-

235 2050 358 2115 dicasse
380 2053 484 2115 virum
505 2051 725 2116 doctissimum
746 2051 849 2116 videri
870 2052 1031 2136 profitear.
1074 2052 1159 2118 Nam
1185 2074 1268 2137 quae
1289 2052 1329 2117 de

234 2158 341 2224 verbis
363 2159 425 2223 illis
447 2159 571 2245 φρένας
592 2153 757 2241 οἰοβοότας
779 2159 938 2242 disseruit,
965 2170 1032 2223 tam
1055 2161 1200 2243 quaesita
1219 2159 1328 2225 viden·

234 2278 295 2351 tur,
318 2277 353 2330 ut
374 2287 438 2329 non
463 2268 706 2351 interpretatum
729 2287 800 2330 eum
817 2288 887 2330 esse
902 2276 1016 2351 poetae
1031 2265 1139 2349 verba,
1164 2267 1218 2331 sed
1238 2288 1328 2332 suam

234 2373 275 2439 de
295 2375 348 2440 illo
372 2377 563 2440 sententiam
586 2376 632 2442 eis
661 2374 833 2439 subiecisse
848 2374 992 2440 dixeris.
1045 2374 1153 2455 Quare
1182 2376 1329 2460 equidem

164 2507 165 2512 ¹
234 2492 322 2567 puto,
343 2504 457 2547 revera
480 2503 536 2567 ,eo
553 2481 702 2547 standum
717 2504 797 2564 esse,
819 2492 855 2546 ut
870 2483 957 2547 Aiax
975 2483 1081 2569 φρένα
1103 2479 1175 2559 οἶος
1194 2477 1329 2564 βόσκειν

234 2589 388 2674 dicatur“,
410 2600 508 2676 atque
529 2591 578 2654 his
599 2590 707 2654 verbis
729 2592 874 2676 exprimi,
896 2592 998 2656 solum
1021 2591 1109 2656 illum
1130 2593 1230 2656 menti
1252 2615 1329 2657 suae

235 2698 399 2764 consulere
420 2721 525 2784 neque
545 2699 720 2762 amicorum
736 2700 875 2764 consiliis
898 2721 1008 2763 aurem
1027 2699 1191 2784 praebere,
1214 2700 1329 2784 quibus

234 2809 267 2871 in
288 2807 477 2892 perturbata
498 2808 596 2871 animi
618 2806 806 2890 affectione,
838 2817 969 2892 propter
999 2829 1095 2892 quam
1125 2808 1231 2894 paullo
1253 2819 1329 2872 ante

233 2918 416 2980 nominatur
437 2917 517 3005 θείᾳ
537 2917 638 3005 μανία
660 2910 839 3006 ξύναυλος,
871 2927 1038 3002 tantopere
1069 2937 1164 3000 egere
1193 2916 1327 2980 videtur.

234 3023 377 3088 Verbum
400 3025 484 3088 enim
502 3017 653 3107 βόσκειν,
683 3044 754 3088 cum
784 3025 831 3105 ei,
862 3025 916 3108 qui
938 3023 1077 3108 pecudes
1100 3033 1226 3110 pastum
1249 3025 1327 3107 agit,

234 3131 460 3197 custodiendae
481 3117 608 3196 illaeet
630 3131 790 3196 curandae
809 3133 882 3214 sint,
905 3131 1002 3196 etiam
1023 3133 1057 3195 in
1079 3130 1210 3195 curandi
1225 3133 1327 3194 notio·

233 3261 306 3303 nem
329 3240 396 3304 sive
424 3239 610 3304 consulendi
637 3240 732 3303 alicui
758 3240 805 3303 rei
836 3238 926 3302 abire
952 3261 1047 3323 posse
1078 3249 1328 3303 consentaneum

234 3357 291 3412 est.
314 3347 445 3411 —Iam
467 3368 542 3411 vero
566 3348 658 3412 huius
681 3349 808 3430 generis
830 3347 987 3431 imagines
1009 3346 1188 3428 afferamus,
1212 3346 1326 3431 quibus

233 3454 414 3539 Aeschylus
436 3465 469 3519 et
489 3454 661 3540 Euripides
684 3457 731 3519 usi
753 3465 837 3538 sunt,
861 3475 997 3540 quorum
1025 3453 1110 3540 apud
1137 3453 1225 3518 illum
1247 3453 1327 3518 duos

233 3562 320 3626 locos
341 3563 531 3641 invenimus,
554 3561 669 3647 quibus
692 3562 882 3627 vocabulum
894 3554 1008 3647 βοτὴρ,
1032 3559 1117 3645 quod
1131 3560 1216 3626 idem
1241 3561 1327 3627 valet

233 3681 330 3756 atque
343 3663 478 3755 ποιμὴν,
494 3670 649 3736 translate
665 3678 844 3757 usurpatur.
889 3671 998 3755 Atque
1013 3690 1096 3753 quae
1110 3668 1203 3734 Eum.
1219 3690 1249 3734 v.
1267 3669 1327 3734 196

232 3777 398 3862 legimus:
713 3764 716 3769 ’

449 3886 581 3972 χωρεῖτ’
603 3877 685 3951 ἄνευ
703 3889 847 3972 βοτῆρος
867 3876 1116 3969 αἰπολούμεναι,

233 3992 350 4077 Apollo
382 3994 523 4077 loquitur
554 3992 595 4056 ad
629 3993 743 4058 Furias
786 4013 976 4073 conversus,
1019 4013 1097 4076 quas
1129 4014 1201 4058 cum
1233 4015 1326 4058 versu

233 4110 397 4184 sequente,
418 4109 455 4164 ut
476 4119 575 4184 supra
604 4101 941 4181 commemoravimus,
973 4120 1106 4182 gregem
1134 4100 1278 4165 nominet
1307 4123 1327 4164 a

232 4188 359 4272 nemine
381 4208 511 4272 deorum
540 4218 698 4290 amatum,
732 4206 814 4271 bene
845 4228 917 4271 cum
947 4206 1121 4292 pecudibus
1152 4219 1326 4293 comparat,

232 4336 315 4402 quae
335 4338 356 4379 a
377 4325 505 4400 pastore
527 4314 673 4381 desertae
688 4325 871 4401 pascuntur.
915 4313 985 4379 Nec
999 4324 1166 4399 practerea
1181 4314 1241 4378 hoc
1256 4315 1325 4382 loco
