3220 5014
749 409 791 475 ³1

422 605 540 701 χώρει.
562 616 666 699 ποθῷ
685 606 747 699 γὰρ
769 617 826 698 τῆς
847 603 1033 698 νεοδμήτου
1053 600 1155 696 κόρης

425 720 514 808 αἱρεῖ

227 843 325 918 atque
345 831 464 896 ibidem
485 852 515 895 v.
542 828 619 894 1366
642 853 649 894 :

425 927 497 1003 ἄλλ’
517 927 611 1021 ὕβρις
633 933 670 1000 ol'
686 958 723 1001 τε
745 937 798 1001 σοὶ
819 934 997 1020 νεοδμῆτες
1016 927 1124 1018 γάμοι.

228 1044 352 1125 Quibus
374 1067 450 1110 vero
471 1045 549 1110 locis
570 1043 782 1109 interficiendi
804 1045 871 1107 sive
893 1041 1099 1127 expugnandi
1124 1062 1218 1106 sensu
1243 1061 1312 1105 ver-

226 1154 302 1220 bum
324 1146 480 1238 δαμάζειν
500 1161 689 1237 usurpatur,
719 1153 779 1216 etsi
810 1150 894 1215 haud
922 1152 987 1215 scio
1017 1171 1058 1214 an
1091 1171 1144 1214 eos
1167 1149 1313 1214 omittere

227 1262 319 1326 nobis
340 1261 449 1344 liceat,
482 1282 554 1324 oum
583 1262 616 1324 in
645 1261 683 1324 iis
713 1261 875 1324 notionem
902 1259 988 1324 illam
1009 1260 1056 1322 ita
1076 1255 1313 1322 corroboratam

227 1391 295 1434 esse
316 1367 553 1434 concedendum
582 1369 643 1450 sit,
672 1377 708 1432 ut
729 1368 946 1432 translationis
972 1367 1021 1431 vis
1043 1367 1097 1429 vix
1118 1367 1180 1429 iam
1202 1367 1313 1430 sentiri

226 1477 382 1560 videatur,
404 1485 511 1540 tamen
534 1475 687 1539 nonnulla
709 1484 837 1540 exstant
858 1474 1016 1557 exempla,
1039 1475 1071 1537 in
1093 1473 1208 1559 quibus
1228 1471 1313 1538 unde

227 1584 371 1670 profecta
402 1586 444 1648 sit
475 1585 582 1668 imago
615 1584 693 1648 satis
726 1584 928 1668 perspicuum
960 1591 1017 1646 ost.
1076 1579 1184 1660 Quare
1215 1580 1313 1663 digna

230 1693 383 1775 videntur,
405 1713 488 1778 quae
509 1691 570 1756 huc
591 1691 816 1773 adiungantur.
867 1689 1009 1753 Primum
1037 1697 1144 1753 autem
1169 1687 1312 1770 dicimus,

231 1821 308 1886 quae
329 1799 482 1885 Aeschyli
503 1799 609 1864 Prom.
632 1821 662 1863 v.
684 1797 746 1864 600
766 1819 854 1885 seqq.
877 1797 969 1862 nobis
991 1805 1168 1879 occurrunt,
1199 1795 1255 1860 ubi
1274 1792 1311 1859 Io

228 1909 290 1993 illa,
312 1930 407 1994 quam
428 1907 510 1973 Iuno
531 1909 565 1970 in
586 1928 717 1971 vaccam
742 1915 937 1989 mutaverat,
967 1903 1043 1989 quid
1069 1903 1133 1968 sibi
1160 1900 1312 1967 acciderit

226 2017 366 2100 imagine
387 2015 550 2101 praeclare
570 2035 722 2098 expressa
742 2015 787 2079 ita
807 2014 940 2098 exponit
961 2036 969 2076 ε

423 2116 653 2209 σκιρτημάτων
672 2120 709 2186 δὲ
730 2115 876 2206 νήστισιν
893 2119 1015 2195 αἰκίαις

424 2220 626 2316 λαβρόσυτος
645 2218 764 2315 ἦλθον,
779 2219 879 2314 Ἥρας

422 2331 610 2406 ἐπικότοισι
630 2328 744 2422 μήδεσι
764 2336 909 2421 δαμεῖσα.

227 2442 354 2509 Deinde
374 2445 407 2508 in
428 2446 641 2529 similitudine,
664 2465 746 2530 quae
767 2454 873 2510 exstat
893 2443 981 2529 Sept.
1005 2465 1030 2506 c.
1053 2441 1113 2508 Tu.
1135 2461 1165 2506 v,
1188 2440 1248 2506 608
1270 2465 1278 2505 z

423 2554 558 2638 πληγεὶς
578 2557 665 2619 θεοῦ
685 2546 816 2638 μάστιγι
836 2552 1009 2636 παγκοίνῳ
1029 2539 1125 2635 ’δάμη

227 2659 335 2724 addita
356 2683 434 2726 voce
454 2654 601 2746 μάστιγι,
632 2660 717 2725 unde
746 2661 910 2725 translatio
936 2658 1081 2744 profecta
1111 2658 1169 2740 sit,
1192 2657 1310 2740 optime

226 2767 392 2833 indicatur.
436 2768 606 2834 Praeterea
632 2767 694 2832 huo
726 2769 888 2853 μετεὶεεαε
917 2767 995 2850 loci,
1026 2767 1080 2850 qui
1107 2765 1310 2830 inveniuntur

227 2872 336 2959 Suppl.
359 2897 389 2939 v.
411 2875 502 2941 904:

423 2970 472 3048 ’lui
491 2975 623 3059 πόλεως
643 2971 720 3067 άγοι
739 2975 874 3067 πρόμοι,
896 2975 1070 3066 δάμναμαι,

227 3088 332 3155 Prom.
354 3112 384 3154 v.
412 3089 498 3154 164:

423 3190 585 3282 δάμναται
606 3182 765 3282 οὐρανίαν
784 3195 913 3280 γένναν,

227 3325 308 3389 quse
328 3303 369 3368 de
389 3304 468 3370 Iove
488 3304 574 3370 dicta
594 3314 681 3389 sunt,
699 3304 881 3388 ibidemque
901 3325 931 3368 v.
952 3303 1015 3368 425
1035 3325 1100 3388 seq.
1124 3325 1132 3366 :

423 3405 529 3496 μόνον
548 3405 588 3496 δὴ
607 3405 761 3498 πρόσθεν
781 3400 884 3476 ἄλλον
905 3409 942 3475 ἐν
961 3403 1081 3486 πόνοις

423 3519 555 3603 δαμέντ’
575 3508 761 3604 α’κάμπτοις
782 3513 956 3603 ἑσειδόμαν
975 3513 1070 3597 θεόν,

226 3622 340 3708 quibus
361 3625 466 3692 verbis
485 3628 591 3712 imago
614 3630 795 3692 continetur
823 3649 888 3692 non
916 3649 996 3692 sane
1024 3626 1149 3692 diversa
1175 3625 1216 3692 ab
1238 3627 1309 3710 illis,

226 3753 308 3816 quae
328 3733 418 3798 verbi
438 3729 612 3820 ζευγνύναι
633 3759 692 3802 usu
713 3736 868 3801 translato
889 3737 935 3801 ita
955 3734 1142 3817 efficiuntur,
1168 3745 1205 3799 ut
1226 3755 1309 3800 oom-

225 3841 332 3904 munio
372 3863 472 3926 eaque
511 3843 644 3907 molesta
675 3865 746 3908 cum
778 3843 873 3908 rebus
905 3843 1074 3907 abstractis
1103 3841 1308 3926 significetur.

225 3945 378 4033 Idemque
398 3949 440 4014 de
453 3950 559 4015 verbis
574 3950 635 4015 illis
651 3950 818 4018 dicendum
840 3953 909 4034 erit,
928 3971 1012 4036 quae
1027 3949 1109 4034 apud
1124 3948 1309 4035 Euripidem

225 4053 264 4119 fr.
286 4056 347 4121 683
368 4079 398 4121 v.
419 4058 440 4122 3
461 4057 553 4124 nobis
576 4069 746 4123 occurrunt
767 4083 774 4124 :

520 4168 571 4243 τίς
591 4155 696 4252 αὐτὴν
715 4159 847 4253 πημονὴ
866 4160 1063 4251 δαμάζεται;

224 4267 276 4334 Ex
291 4291 354 4357 quo
367 4281 401 4336 et
415 4273 485 4359 ipsa
498 4274 560 4339 huc
573 4274 741 4340 referenda
753 4285 837 4358 suat,
853 4295 935 4360 quae
948 4276 1019 4342 Alc.
1031 4297 1060 4339 v.
1071 4274 1133 4340 980
1147 4273 1282 4360 legimus
1301 4295 1308 4338 :
