3220 5014
742 387 938 486 „494-

493 592 549 658 καὶ
569 585 632 676 τὴν
650 590 713 677 μέν
734 579 883 656 Ἀκτέων’
906 575 1050 678 Ἀριστέᾳ
1070 586 1156 654 ποτε

494 703 658 766 τεκοῦσαν
680 694 770 764 εἶδον
790 686 967 783 Αὐτονόην
987 684 1057 762 lvd
1077 696 1113 762 θ’
1134 685 1200 780 ἅμα

495 805 541 873 ἔτ’
563 796 646 893 ἀμφὶ
668 806 802 892 δρυμοῖς
823 804 1064 891 οἰστροπλῆγας
1084 793 1214 880 άθλίας.

296 918 410 984 Restat
431 915 565 981 verbum
587 908 744 1001 οἰστράω,
767 912 852 1007 quod
874 913 1003 1000 proprie
1025 911 1065 977 de
1085 912 1164 976 asilo
1179 910 1308 993 dictum,
1331 911 1386 995 qui

297 1024 470 1110 pungendo
486 1025 636 1089 animalia
651 1023 844 1105 exstimulat,
867 1021 908 1086 ad
922 1020 1066 1086 homines
1081 1013 1273 1085 transfertur
1289 1011 1399 1102 alque

296 1143 353 1198 aut
367 1133 535 1198 transitive
549 1140 736 1216 usurpatum
751 1131 872 1215 impetu
888 1127 1059 1193 furibundo
1077 1128 1215 1213 aliquem
1229 1125 1386 1212 depellere

297 1249 353 1306 aut
374 1240 578 1304 intransitiva
598 1239 729 1303 notione
750 1236 929 1322 praeditum
957 1236 1063 1301 furere
1090 1236 1157 1300 eive
1184 1234 1319 1299 furentis
1339 1235 1384 1298 in·

298 1357 365 1414 star
386 1347 499 1432 vagari
520 1345 690 1430 significat.
733 1345 853 1410 Priorie
882 1366 957 1409 neue
987 1343 1134 1428 exempla
1154 1341 1239 1428 apud
1260 1342 1384 1428 Euripi-

298 1457 371 1522 dem
391 1455 606 1538 inveniuntur,
629 1455 717 1518 euius
738 1451 855 1518 Bacch.
878 1473 908 1516 v.
930 1452 971 1517 32
992 1473 1058 1537 eeq.
1081 1474 1101 1516 a
1123 1450 1279 1536 Dionysio
1308 1449 1385 1514 haec

298 1564 531 1650 proferuntur:
1180 1559 1183 1565 ’

460 1663 577 1755 τοιγάρ
591 1692 652 1754 ,νιν
672 1657 776 1746 αὐτὰς
796 1667 834 1734 ix
855 1662 970 1754 δόμων
990 1659 1129 1754 ρόστρησ
1150 1659 1216 1751 έγώ
1316 1690 1320 1698 ‘

461 1778 611 1863 μανίαις·
635 1767 715 1863 όρος
735 1776 763 1842 δ
786 1775 916 1842 οἰκοῦσι
936 1769 1131 1860 παράκοποι
1152 1778 1295 1859 φρενῶν.

297 1885 413 1971 Neque
434 1884 475 1950 ab
497 1883 546 1950 hie
568 1883 696 1948 diversa
710 1879 795 1967 eunt,
817 1885 879 1948 nisi
896 1882 980 1969 qued
995 1882 1099 1948 forma
1112 1885 1242 1968 passiva
1255 1880 1388 1946 verbum

299 1987 444 2079 οἰστράω
465 2003 655 2078 usurpatur,
683 2013 766 2079 quae
788 1992 929 2057 eiusdem
950 1991 1078 2058 fabulae
1099 2013 1129 2056 v.
1153 1993 1212 2057 116
1233 2013 1323 2077 eeqq.
1344 1991 1386 2055 le·

192 2115 195 2122 '
299 2103 403 2186 gimue
425 2125 434 2167 ε

844 2205 929 2275 ivea
949 2209 1041 2293 μένει

645 2309 829 2400 inluuie
851 2306 950 2400 ὄχλος

644 2412 702 2506 ἀφ’
724 2423 827 2490 ἱστῶν
848 2417 939 2511 παρὰ
961 2424 1124 2510 κερκίδων
1143 2425 1173 2490 τ’

645 2530 835 2618 οἰστρηθεὶς
856 2524 1016 2617 Διονύσῳ.

298 2641 540 2707 intransitivam
560 2650 678 2719 autem,
701 2661 796 2726 quam
819 2639 1039 2724 indicavimus,
1072 2639 1163 2704 verbi
1184 2639 1388 2724 significatio·

298 2769 373 2814 nem
393 2747 464 2834 Iph.
486 2748 560 2813 Aul.
583 2769 612 2814 v.
635 2749 674 2813 l'l
690 2769 756 2834 seq.
779 2747 943 2831 habemus,
966 2747 1020 2812 ubi
1034 2747 1074 2812 de
1088 2747 1235 2812 Menelao
1250 2747 1387 2812 dicitur:

572 2845 590 2919 ό
613 2855 649 2921 δέ
670 2856 750 2921 καθ’
767 2845 893 2922 Ἑλλάδ
916 2849 1091 2941 οἰστρήσας
1111 2848 1224 2941 δρόμῳ

463 2953 583 3050 όρκοος
603 2957 766 3040 παλαιοὺς
791 2956 965 3048 Τυνδάρεω
986 2956 1196 3049 μαρτύρεται,

298 3081 397 3158 atque
418 3071 559 3136 eiusdem
580 3093 656 3136 neue
679 3071 859 3156 exemplum
880 3069 1036 3156 praebent
1057 3070 1171 3155 verba,
1201 3093 1283 3156 quae
1304 3069 1389 3156 apud

300 3180 496 3265 Aeschylum
518 3179 624 3244 Prom.
647 3201 677 3244 v.
700 3179 761 3245 836
783 3201 848 3266 seq.
870 3179 963 3245 nobie
986 3191 1185 3245 occurrunt:

464 3285 627 3354 ἐντεῦθεν
648 3280 846 3374 οἰστρήσασα
867 3281 929 3373 τὴν
949 3289 1138 3372 παρακτίαν

464 3395 631 3461 κέλευθον
651 3381 732 3480 ᾖξας
752 3389 838 3484 πρός
857 3395 961 3482 μέγαν
982 3389 1112 3461 κόλπον
1129 3386 1226 3472 Ῥέας.

301 3501 426 3584 Quibus
449 3502 607 3569 accedunt
628 3504 797 3588 imagines,
820 3525 901 3590 quae
922 3503 962 3568 de
983 3502 1119 3587 flagello,
1142 3525 1204 3589 quo
1226 3503 1303 3567 item
1324 3504 1390 3568 ani-

301 3612 396 3677 malia
417 3611 471 3678 illa
493 3612 619 3676 inuitari
641 3613 754 3696 solent,
776 3611 932 3677 deductae
952 3613 1165 3676 inveniuntur.
1185 3633 1187 3640 ·
1214 3609 1255 3675 In
1277 3610 1391 3696 quibus

188 3779 191 3786 .
302 3719 524 3786 enumerandis
546 3717 671 3784 initium
694 3719 829 3785 facimus
850 3717 891 3785 ab
913 3741 960 3803 ea,
983 3740 1065 3804 quae
1079 3720 1195 3804 Agam.
1212 3741 1242 3782 v.
1254 3718 1313 3784 641
1325 3740 1391 3804 seq.

303 3835 409 3894 exstat
429 3828 475 3892 ita
495 3848 647 3913 expressa
669 3853 676 3893 :

466 3929 613 4012 πολλοὺς
634 3935 670 4001 δέ
690 3939 829 4002 πολλῶν
850 3934 1084 4021 ἐξαγισθέντας
1104 3928 1218 4020 δόμων

468 4033 589 4129 άνδρας
611 4043 711 4128 διπλῇ
729 4037 872 4128 μάστιγι,
894 4031 935 4130 ἣν
957 4027 1046 4130 Ἄρης
1068 4047 1165 4125 φιλεῖ.
1187 4039 1189 4044 ⁴

302 4149 387 4216 Nam
409 4148 527 4236 duplex
549 4150 626 4216 illud
647 4150 818 4235 flagellum,
842 4151 926 4237 quod
947 4152 1035 4217 Mar·
1056 4160 1143 4216 amat
1164 4172 1291 4238 quoque
1312 4160 1391 4216 tam-

304 4279 400 4344 quam
433 4258 597 4324 homiuum
626 4281 719 4325 cruue
748 4260 863 4344 utitur,
900 4260 1025 4344 gladius
1056 4271 1106 4327 eet
1133 4282 1172 4325 ae
1199 4259 1392 4345 pestilentia,
