3220 5014
768 461 807 536 lb

436 655 691 748 ταυρόφθογγοι
711 663 740 729 δ’
760 653 999 749 ῦιιομυκῶνται

436 764 550 837 πόθεν
570 770 606 852 ἐξ
626 761 775 855 α’φανοῦς
796 776 936 860 φοβεροὶ
955 787 1058 859 μῖμοι,

238 888 336 963 etque
367 877 408 942 de
437 879 548 946 eadem
578 903 615 944 re
646 881 869 948 translationes
902 881 1057 950 deductae
1087 892 1176 964 eunt,
1211 883 1325 968 quibus

238 987 360 1052 tonitru
392 986 461 1052 eive
491 1009 555 1052 vox
587 989 654 1054 eine
684 1010 871 1074 repercussa
897 991 1021 1074 mugire
1050 989 1197 1056 dicuntur
1219 990 1324 1054 Prom.

239 1093 401 1160 v.1062:

535 1206 676 1289 βροντῆς
695 1206 814 1289 μυκῦμ
835 1194 1022 1291 ἀτέραμνον

240 1309 443 1396 eiusdemque
464 1310 592 1382 fabulae
612 1334 643 1376 v.
666 1313 747 1380 1082
767 1335 835 1399 eeq.
856 1338 864 1378 ε

525 1419 643 1505 βρυχία
665 1420 692 1485 δ’
714 1409 777 1504 rixo*
803 1425 1039 1506 παραμυκᾶται

527 1531 678 1613 βροντῆς.

237 1632 312 1698 Duo
340 1642 506 1718 praeterea
533 1635 619 1720 apud
647 1635 834 1720 Euripidem
864 1645 993 1701 exstent
1021 1634 1183 1722 exemplo,
1212 1637 1326 1722 quibus

238 1740 349 1807 eadem
367 1742 555 1827 metaphora
576 1744 765 1814 continetur.
808 1744 893 1810 Nom
913 1742 984 1830 Iph.
1001 1743 1097 1810 Teur.
1119 1766 1150 1808 v.
1168 1744 1248 1812 1390
1258 1767 1324 1830 seq.

238 1847 278 1913 de
299 1848 425 1916 Orestis
446 1852 539 1916 sociis
560 1851 695 1936 legimus
718 1877 725 1916 :

434 1957 468 2026 οἱ
489 1959 525 2026 δὲ
546 1953 730 2044 στεναγμὸν
750 1950 832 2044 ἡδὺν
852 1953 1099 2045 ἐκβρυχώμενοι

435 2065 576 2136 ἔπαισαν
596 2059 710 2154 ἅλμην,

237 2181 334 2258 etque
353 2174 395 2242 de
416 2175 555 2242 Hercule
576 2198 596 2242 e
616 2175 718 2241 Rebie
739 2175 800 2242 dea
819 2176 916 2241 Herc.
939 2176 999 2242 fur.
1020 2198 1051 2242 v.
1074 2175 1135 2242 869
1156 2198 1222 2263 seq.
1244 2177 1324 2243 hoec

238 2280 472 2364 proferuntur:

321 2381 472 2477 α’μιινοὰς
492 2392 520 2457 ri
543 2380 583 2458 οῦ
604 2393 814 2478 σωφρονίζει,
835 2395 959 2477 ταῦρος
979 2381 1026 2469 ὡς
1047 2390 1094 2468 εἰς
1115 2385 1267 2480 ἐμβολὴν,

319 2495 410 2568 δεινὰ
430 2504 575 2587 μυκᾶται
596 2500 631 2566 δὲ
653 2504 764 2586 Κῆρας
787 2489 965 2567 ἀνακαλῶν
985 2493 1045 2576 τὰς
1070 2493 1251 2585 Ταρτάρου.

236 2607 373 2692 Propter
401 2609 556 2693 gemitum
583 2616 707 2692 autem,
736 2627 831 2692 quem
860 2609 900 2673 de
928 2617 1059 2692 pectore
1089 2607 1205 2672 ducere
1233 2607 1323 2689 colet,

236 2716 373 2782 moriens
395 2714 489 2781 homo
512 2736 584 2780 oum
605 2715 687 2780 bove
707 2714 803 2780 modo
825 2737 918 2782 caeso
949 2725 1152 2800 comparetur
1171 2713 1325 2799 Aeschyli

235 2823 276 2888 fr.
296 2823 389 2889 433:

432 2924 635 3015 ἐτονθόρυςε
656 2934 780 3016 ταῦρος
801 2920 847 3006 ὡς
868 2923 1062 3015 νοοσφαγής.

237 3037 288 3104 De
307 3039 432 3105 ratione
450 3038 583 3123 deinde,
612 3060 676 3124 qne
707 3048 871 3124 aspectum
904 3038 1010 3123 aliquo
1034 3047 1221 3102 convertero
1242 3037 1323 3102 solet

236 3145 296 3212 hoc
324 3146 457 3231 animal,
499 3148 576 3215 sotis
606 3146 768 3233 perlucida
795 3146 836 3210 ab
867 3143 1021 3230 Euripide
1051 3144 1218 3231 desumpto
1248 3155 1324 3210 eunt

235 3254 365 3337 similia,
396 3277 437 3320 ex
464 3276 528 3338 quo
559 3255 696 3339 primum
725 3252 888 3321 offerendo
916 3263 991 3317 eunt
1018 3252 1057 3316 fr.
1078 3253 1141 3318 690
1159 3275 1192 3316 v.
1213 3253 1233 3316 3
1254 3274 1321 3338 eeq.

235 3360 334 3426 verbe
354 3386 361 3425 ε

360 3535 365 3542 .
728 3459 817 3553 ὄμμα
837 3461 900 3554 γὰο
920 3461 1027 3553 πνοὰς
1047 3468 1156 3552 νέμεις

414 3580 537 3661 ταῦρος
551 3567 766 3664 ῦέοντοςοῦςι
780 3573 918 3657 βῑέπαιν
940 3574 986 3652 εἰς
1008 3568 1160 3660 ἐμβολίν.

234 3683 406 3750 Praeterea
420 3684 481 3749 huc
495 3687 635 3771 pertinet
650 3685 741 3754 verbi
754 3687 964 3769 ταυροῦοθαι
986 3705 1062 3748 usus
1074 3682 1321 3768 metaphoricos,

233 3813 328 3877 quem
349 3793 501 3864 hebemus
520 3791 606 3860 Med.
629 3815 659 3884 u.
681 3793 723 3860 92
743 3814 810 3878 seq.
833 3813 840 3856 ε

429 3891 491 3986 ἤδη
510 3894 572 3985 γὰρ
594 3896 685 3966 εἶδον
706 3891 794 3984 ὄμμα
814 3921 868 3964 νιν
888 3897 1116 3984 ταυρουμένην

429 4008 543 4088 colori,
564 3999 610 4085 ὥς
630 4030 663 4073 τι
685 4008 911 4092 δραοεὶουσαν,

232 4115 347 4200 quibus
379 4114 486 4182 verbis
518 4117 588 4200 ipso
620 4114 736 4182 Medea
769 4115 852 4180 tauri
885 4115 986 4179 instar
1018 4114 1038 4178 i.
1061 4135 1088 4180 o.
1118 4113 1217 4178 oeulis
1249 4111 1321 4178 fixio

232 4221 348 4288 liberos
370 4245 444 4289 soor
465 4225 581 4290 intuita
601 4245 672 4290 esee
693 4223 818 4306 dicitur,
840 4222 932 4308 queei
953 4220 1029 4306 quid
1051 4229 1163 4286 contre
1184 4241 1238 4284 eon
1253 4240 1319 4284 mo-

231 4331 351 4398 liretur.
393 4332 503 4418 Atque
525 4332 565 4398 de
586 4331 697 4398 eadem
719 4351 749 4398 v.
774 4331 831 4396 187
854 4351 920 4418 seq.
940 4329 1078 4416 legimus
1101 4351 1108 4392 ε
