<?xml version="1.0" encoding="UTF-8"?>
<!DOCTYPE html PUBLIC "-//W3C//DTD XHTML 1.0 Transitional//EN"
    "http://www.w3.org/TR/xhtml1/DTD/xhtml1-transitional.dtd">
<html xmlns="http://www.w3.org/1999/xhtml" xml:lang="en" lang="en">
 <head>
  <title>
</title>
<meta http-equiv="Content-Type" content="text/html;charset=utf-8" />
  <meta name='ocr-system' content='tesseract 3.04.00' />
  <meta name='ocr-capabilities' content='ocr_page ocr_carea ocr_par ocr_line ocrx_word'/>
</head>
<body>
  <div class='ocr_page' id='page_1' title='image "./decomparationib00briegoog_0067.png"; bbox 0 0 3220 5014; ppageno 0'>
   <div class='ocr_carea' id='block_1_1' title="bbox 801 445 844 512">
    <p class='ocr_par' dir='ltr' id='par_1_1' title="bbox 801 445 844 512">
     <span class='ocr_line' id='line_1_1' title="bbox 801 445 844 512; baseline 0 0"><span class='ocrx_word' id='word_1_1' title='bbox 801 445 844 512; x_wconf 87' lang='lat'><strong>60</strong></span> 
     </span>
    </p>
   </div>
   <div class='ocr_carea' id='block_1_2' title="bbox 272 644 1366 1380">
    <p class='ocr_par' dir='ltr' id='par_1_2' title="bbox 272 644 1366 1380">
     <span class='ocr_line' id='line_1_2' title="bbox 272 644 1366 733; baseline -0.004 -19"><span class='ocrx_word' id='word_1_2' title='bbox 272 649 471 733; x_wconf 81' lang='lat' dir='ltr'><strong>animalibus,</strong></span> <span class='ocrx_word' id='word_1_3' title='bbox 493 649 611 714; x_wconf 89' lang='lat' dir='ltr'><strong>famem</strong></span> <span class='ocrx_word' id='word_1_4' title='bbox 633 667 743 712; x_wconf 87' lang='lat' dir='ltr'><strong>eorum</strong></span> <span class='ocrx_word' id='word_1_5' title='bbox 764 644 880 711; x_wconf 90' lang='lat' dir='ltr'><strong>sedans</strong></span> <span class='ocrx_word' id='word_1_6' title='bbox 902 647 993 732; x_wconf 84' lang='lat' dir='ltr'><strong>qnasi</strong></span> <span class='ocrx_word' id='word_1_7' title='bbox 1015 645 1135 711; x_wconf 89' lang='lat' dir='ltr'><strong>deliciis</strong></span> <span class='ocrx_word' id='word_1_8' title='bbox 1164 646 1219 710; x_wconf 88' lang='lat' dir='ltr'><strong>illa</strong></span> <span class='ocrx_word' id='word_1_9' title='bbox 1238 645 1366 729; x_wconf 82' lang='lat' dir='ltr'><strong>afficiat,</strong></span> 
     </span>
     <span class='ocr_line' id='line_1_3' title="bbox 272 754 1366 844; baseline -0.002 -22"><span class='ocrx_word' id='word_1_10' title='bbox 272 760 305 822; x_wconf 93' lang='lat' dir='ltr'><strong>in</strong></span> <span class='ocrx_word' id='word_1_11' title='bbox 326 756 507 822; x_wconf 89' lang='lat' dir='ltr'><strong>delectandi</strong></span> <span class='ocrx_word' id='word_1_12' title='bbox 529 757 626 822; x_wconf 91' lang='lat' dir='ltr'><strong>etiam</strong></span> <span class='ocrx_word' id='word_1_13' title='bbox 647 757 811 844; x_wconf 85' lang='lat' dir='ltr'><strong>notionem</strong></span> <span class='ocrx_word' id='word_1_14' title='bbox 833 754 967 819; x_wconf 88' lang='lat' dir='ltr'><strong>verbum</strong></span> <span class='ocrx_word' id='word_1_15' title='bbox 987 756 1156 840; x_wconf 90' lang='grc' dir='ltr'><strong><em>ποιμαίνω</em></strong></span> <span class='ocrx_word' id='word_1_16' title='bbox 1178 754 1272 838; x_wconf 87' lang='lat' dir='ltr'><strong>abiit,</strong></span> <span class='ocrx_word' id='word_1_17' title='bbox 1303 776 1366 840; x_wconf 91' lang='lat' dir='ltr'><strong>quo</strong></span> 
     </span>
     <span class='ocr_line' id='line_1_4' title="bbox 272 861 1365 950; baseline -0.004 -20"><span class='ocrx_word' id='word_1_18' title='bbox 272 887 366 932; x_wconf 90' lang='lat' dir='ltr'><strong>sensu</strong></span> <span class='ocrx_word' id='word_1_19' title='bbox 390 866 492 950; x_wconf 90' lang='lat' dir='ltr'><strong>ipsum</strong></span> <span class='ocrx_word' id='word_1_20' title='bbox 515 885 642 950; x_wconf 90' lang='lat' dir='ltr'><strong>quoque</strong></span> <span class='ocrx_word' id='word_1_21' title='bbox 663 861 749 949; x_wconf 91' lang='lat' dir='ltr'><strong>quod</strong></span> <span class='ocrx_word' id='word_1_22' title='bbox 771 884 830 927; x_wconf 91' lang='lat' dir='ltr'><strong>nos</strong></span> <span class='ocrx_word' id='word_1_23' title='bbox 852 861 985 926; x_wconf 81' lang='lat' dir='ltr'><strong>dicimus</strong></span> <span class='ocrx_word' id='word_1_24' title='bbox 1008 861 1169 947; x_wconf 82' lang='lat' dir='ltr'><strong>,weiden“</strong></span> <span class='ocrx_word' id='word_1_25' title='bbox 1185 873 1365 949; x_wconf 85' lang='lat' dir='ltr'><strong>usurpatur.</strong></span> 
     </span>
     <span class='ocr_line' id='line_1_5' title="bbox 272 969 1366 1056; baseline -0.005 -17"><span class='ocrx_word' id='word_1_26' title='bbox 272 975 391 1039; x_wconf 81' lang='lat' dir='ltr'><strong>Exstat</strong></span> <span class='ocrx_word' id='word_1_27' title='bbox 412 983 520 1037; x_wconf 92' lang='lat' dir='ltr'><strong>autem</strong></span> <span class='ocrx_word' id='word_1_28' title='bbox 542 972 630 1036; x_wconf 90' lang='lat' dir='ltr'><strong>locus</strong></span> <span class='ocrx_word' id='word_1_29' title='bbox 651 971 722 1052; x_wconf 93' lang='lat' dir='ltr'><strong>ille,</strong></span> <span class='ocrx_word' id='word_1_30' title='bbox 751 992 814 1055; x_wconf 93' lang='lat' dir='ltr'><strong>quo</strong></span> <span class='ocrx_word' id='word_1_31' title='bbox 845 969 937 1035; x_wconf 90' lang='lat' dir='ltr'><strong>huius</strong></span> <span class='ocrx_word' id='word_1_32' title='bbox 966 992 1041 1034; x_wconf 89' lang='lat' dir='ltr'><strong>usus</strong></span> <span class='ocrx_word' id='word_1_33' title='bbox 1064 970 1245 1056; x_wconf 85' lang='lat' dir='ltr'><strong>exemplum</strong></span> <span class='ocrx_word' id='word_1_34' title='bbox 1267 971 1366 1034; x_wconf 92' lang='lat' dir='ltr'><strong>conti·</strong></span> 
     </span>
     <span class='ocr_line' id='line_1_6' title="bbox 272 1080 773 1166; baseline -0.004 -21"><span class='ocrx_word' id='word_1_35' title='bbox 272 1091 375 1165; x_wconf 90' lang='lat' dir='ltr'><strong>netur,</strong></span> <span class='ocrx_word' id='word_1_36' title='bbox 397 1081 496 1166; x_wconf 92' lang='lat' dir='ltr'><strong>Hipp.</strong></span> <span class='ocrx_word' id='word_1_37' title='bbox 517 1102 548 1144; x_wconf 87' lang='lat' dir='ltr'><strong>v.</strong></span> <span class='ocrx_word' id='word_1_38' title='bbox 573 1080 629 1144; x_wconf 81' lang='lat'><strong>151</strong></span> <span class='ocrx_word' id='word_1_39' title='bbox 653 1100 742 1164; x_wconf 89' lang='lat' dir='ltr'><strong>seqq.</strong></span> <span class='ocrx_word' id='word_1_40' title='bbox 766 1103 773 1142; x_wconf 94' lang='lat'><strong>:</strong></span> 
     </span>
     <span class='ocr_line' id='line_1_7' title="bbox 570 1175 1036 1274; baseline -0.004 -22"><span class='ocrx_word' id='word_1_41' title='bbox 570 1179 590 1274; x_wconf 81' lang='grc' dir='ltr'><strong><em>ἢ</em></strong></span> <span class='ocrx_word' id='word_1_42' title='bbox 612 1179 723 1266; x_wconf 84' lang='grc' dir='ltr'><strong><em>πόσιν,</em></strong></span> <span class='ocrx_word' id='word_1_43' title='bbox 744 1180 806 1252; x_wconf 85' lang='grc' dir='ltr'><strong>τὸν</strong></span> <span class='ocrx_word' id='word_1_44' title='bbox 826 1175 1036 1273; x_wconf 73' lang='grc' dir='ltr'><strong><em>Ἐρεχθειδᾶν</em></strong></span> 
     </span>
     <span class='ocr_line' id='line_1_8' title="bbox 515 1279 1037 1380; baseline 0 -19"><span class='ocrx_word' id='word_1_45' title='bbox 515 1279 526 1302; x_wconf 76' lang='lat'>&#39;</span> <span class='ocrx_word' id='word_1_46' title='bbox 571 1285 728 1380; x_wconf 70' lang='grc' dir='ltr'><strong><em>ἀρχαγὸν,</em></strong></span> <span class='ocrx_word' id='word_1_47' title='bbox 749 1290 812 1361; x_wconf 83' lang='grc' dir='ltr'><strong>τὸν</strong></span> <span class='ocrx_word' id='word_1_48' title='bbox 834 1285 1037 1380; x_wconf 76' lang='grc' dir='ltr'><strong><em>εὐπατρίδαν</em></strong></span> 
     </span>
    </p>
   </div>
   <div class='ocr_carea' id='block_1_3' title="bbox 211 1402 1368 4183">
    <p class='ocr_par' dir='ltr' id='par_1_3' title="bbox 571 1402 1028 1488">
     <span class='ocr_line' id='line_1_9' title="bbox 571 1402 1028 1488; baseline -0.004 -18"><span class='ocrx_word' id='word_1_49' title='bbox 571 1404 771 1488; x_wconf 79' lang='grc' dir='ltr'><strong><em>ποιμαίνει*</em></strong></span> <span class='ocrx_word' id='word_1_50' title='bbox 791 1428 842 1480; x_wconf 86' lang='grc' dir='ltr'><strong>τις</strong></span> <span class='ocrx_word' id='word_1_51' title='bbox 863 1402 900 1469; x_wconf 79' lang='grc' dir='ltr'><strong>ἐν</strong></span> <span class='ocrx_word' id='word_1_52' title='bbox 922 1402 1028 1481; x_wconf 81' lang='grc' dir='ltr'><strong><em>οἴκοις</em></strong></span> 
     </span>
    </p>

    <p class='ocr_par' dir='ltr' id='par_1_4' title="bbox 272 1504 1366 1812">
     <span class='ocr_line' id='line_1_10' title="bbox 570 1504 1077 1596; baseline -0.002 -20"><span class='ocrx_word' id='word_1_53' title='bbox 570 1504 702 1596; x_wconf 82' lang='grc' dir='ltr'><strong><em>κρυπτὰ</em></strong></span> <span class='ocrx_word' id='word_1_54' title='bbox 723 1512 820 1576; x_wconf 86' lang='grc' dir='ltr'><strong><em>κοίτα</em></strong></span> <span class='ocrx_word' id='word_1_55' title='bbox 841 1510 967 1594; x_wconf 79' lang='grc' dir='ltr'><strong><em>λεχέων</em></strong></span> <span class='ocrx_word' id='word_1_56' title='bbox 988 1515 1077 1589; x_wconf 81' lang='grc' dir='ltr'><strong><em>σῶν,·</em></strong></span> 
     </span>
     <span class='ocr_line' id='line_1_11' title="bbox 274 1617 1366 1706; baseline -0.005 -20"><span class='ocrx_word' id='word_1_57' title='bbox 274 1620 370 1706; x_wconf 86' lang='lat' dir='ltr'>Apud</span> <span class='ocrx_word' id='word_1_58' title='bbox 394 1618 588 1705; x_wconf 81' lang='lat' dir='ltr'><strong>Aeschylum</strong></span> <span class='ocrx_word' id='word_1_59' title='bbox 610 1618 725 1684; x_wconf 91' lang='lat' dir='ltr'><strong>deinde</strong></span> <span class='ocrx_word' id='word_1_60' title='bbox 746 1618 843 1682; x_wconf 88' lang='lat' dir='ltr'><strong>semel</strong></span> <span class='ocrx_word' id='word_1_61' title='bbox 865 1618 926 1682; x_wconf 90' lang='lat' dir='ltr'><strong>hoo</strong></span> <span class='ocrx_word' id='word_1_62' title='bbox 947 1618 1081 1682; x_wconf 84' lang='lat' dir='ltr'><strong>verbum</strong></span> <span class='ocrx_word' id='word_1_63' title='bbox 1101 1619 1206 1682; x_wconf 89' lang='lat' dir='ltr'><strong>active</strong></span> <span class='ocrx_word' id='word_1_64' title='bbox 1228 1617 1366 1703; x_wconf 88' lang='lat' dir='ltr'><strong>positum</strong></span> 
     </span>
     <span class='ocr_line' id='line_1_12' title="bbox 272 1727 897 1812; baseline -0.003 -20"><span class='ocrx_word' id='word_1_65' title='bbox 272 1729 365 1794; x_wconf 93' lang='lat' dir='ltr'><strong>nohis</strong></span> <span class='ocrx_word' id='word_1_66' title='bbox 387 1729 525 1792; x_wconf 89' lang='lat' dir='ltr'><strong>occurrit</strong></span> <span class='ocrx_word' id='word_1_67' title='bbox 547 1727 639 1792; x_wconf 84' lang='lat' dir='ltr'><strong>Eum.</strong></span> <span class='ocrx_word' id='word_1_68' title='bbox 660 1748 691 1791; x_wconf 87' lang='lat' dir='ltr'><strong>v.</strong></span> <span class='ocrx_word' id='word_1_69' title='bbox 713 1727 755 1791; x_wconf 82' lang='lat'><strong>90</strong></span> <span class='ocrx_word' id='word_1_70' title='bbox 777 1747 866 1812; x_wconf 87' lang='lat' dir='ltr'><strong>seqq.</strong></span> <span class='ocrx_word' id='word_1_71' title='bbox 890 1751 897 1790; x_wconf 93' lang='lat'>:</span> 
     </span>
    </p>

    <p class='ocr_par' dir='ltr' id='par_1_5' title="bbox 272 1825 1368 2894">
     <span class='ocr_line' id='line_1_13' title="bbox 742 1825 1168 1920; baseline 0.007 -22"><span class='ocrx_word' id='word_1_72' title='bbox 742 1826 849 1918; x_wconf 80' lang='grc' dir='ltr'><strong><em>κάρτα</em></strong></span> <span class='ocrx_word' id='word_1_73' title='bbox 870 1834 898 1898; x_wconf 90' lang='grc' dir='ltr'><strong>δ’</strong></span> <span class='ocrx_word' id='word_1_74' title='bbox 920 1825 970 1899; x_wconf 76' lang='lat' dir='ltr'><strong>clv</strong></span> <span class='ocrx_word' id='word_1_75' title='bbox 990 1826 1168 1920; x_wconf 82' lang='grc' dir='ltr'><strong><em>ίπωνομος</em></strong></span> 
     </span>
     <span class='ocr_line' id='line_1_14' title="bbox 470 1935 1243 2028; baseline -0.001 -20"><span class='ocrx_word' id='word_1_76' title='bbox 470 1955 642 2028; x_wconf 78' lang='grc' dir='ltr'><strong><em>πομπαῖος</em></strong></span> <span class='ocrx_word' id='word_1_77' title='bbox 664 1940 746 2021; x_wconf 74' lang='grc' dir='ltr'><strong><em>ἴσθι,</em></strong></span> <span class='ocrx_word' id='word_1_78' title='bbox 767 1935 866 2007; x_wconf 87' lang='grc' dir='ltr'><strong><em>τόνδε</em></strong></span> <span class='ocrx_word' id='word_1_79' title='bbox 887 1943 1077 2026; x_wconf 82' lang='grc' dir='ltr'><strong><em>ποιμαίνων</em></strong></span> <span class='ocrx_word' id='word_1_80' title='bbox 1097 1935 1180 2027; x_wconf 80' lang='grc' dir='ltr'><strong><em>ἐμὸν</em></strong></span> <span class='ocrx_word' id='word_1_81' title='bbox 1242 2015 1243 2018; x_wconf 11' lang='lat'>¹</span> 
     </span>
     <span class='ocr_line' id='line_1_15' title="bbox 471 2049 592 2137; baseline 0 -21"><span class='ocrx_word' id='word_1_82' title='bbox 471 2049 592 2137; x_wconf 80' lang='grc' dir='ltr'><strong><em>ἱκέτην,</em></strong></span> 
     </span>
     <span class='ocr_line' id='line_1_16' title="bbox 274 2157 1367 2246; baseline -0.003 -22"><span class='ocrx_word' id='word_1_83' title='bbox 274 2159 388 2246; x_wconf 90' lang='lat' dir='ltr'><strong>quibus</strong></span> <span class='ocrx_word' id='word_1_84' title='bbox 420 2160 527 2224; x_wconf 87' lang='lat' dir='ltr'><strong>verbis</strong></span> <span class='ocrx_word' id='word_1_85' title='bbox 560 2160 677 2244; x_wconf 88' lang='lat' dir='ltr'>Apollo</span> <span class='ocrx_word' id='word_1_86' title='bbox 709 2158 903 2224; x_wconf 81' lang='lat' dir='ltr'><strong>Mercurium</strong></span> <span class='ocrx_word' id='word_1_87' title='bbox 935 2157 1067 2222; x_wconf 81' lang='lat' dir='ltr'><strong>fratrem</strong></span> <span class='ocrx_word' id='word_1_88' title='bbox 1099 2167 1216 2236; x_wconf 90' lang='lat' dir='ltr'><strong>monet,</strong></span> <span class='ocrx_word' id='word_1_89' title='bbox 1248 2167 1285 2224; x_wconf 91' lang='lat' dir='ltr'><strong>ut</strong></span> <span class='ocrx_word' id='word_1_90' title='bbox 1311 2157 1367 2222; x_wconf 89' lang='lat' dir='ltr'><strong>lidi</strong></span> 
     </span>
     <span class='ocr_line' id='line_1_17' title="bbox 274 2265 1368 2351; baseline 0 -21"><span class='ocrx_word' id='word_1_91' title='bbox 274 2268 470 2332; x_wconf 78' lang='lat' dir='ltr'><strong>comitaturis</strong></span> <span class='ocrx_word' id='word_1_92' title='bbox 510 2268 613 2332; x_wconf 87' lang='lat' dir='ltr'><strong>instar</strong></span> <span class='ocrx_word' id='word_1_93' title='bbox 652 2266 801 2332; x_wconf 83' lang='lat' dir='ltr'><strong>Orestem</strong></span> <span class='ocrx_word' id='word_1_94' title='bbox 837 2275 973 2331; x_wconf 87' lang='lat' dir='ltr'><strong>tueatur.</strong></span> <span class='ocrx_word' id='word_1_95' title='bbox 1027 2265 1170 2330; x_wconf 90' lang='lat' dir='ltr'><strong>Medium</strong></span> <span class='ocrx_word' id='word_1_96' title='bbox 1202 2274 1368 2351; x_wconf 88' lang='lat' dir='ltr'><strong>praeterea</strong></span> 
     </span>
     <span class='ocr_line' id='line_1_18' title="bbox 272 2372 1365 2459; baseline -0.003 -19"><span class='ocrx_word' id='word_1_97' title='bbox 272 2376 521 2459; x_wconf 75' lang='grc' dir='ltr'><strong><em>ποιμαίνεοθαι,</em></strong></span> <span class='ocrx_word' id='word_1_98' title='bbox 544 2375 632 2439; x_wconf 83' lang='grc' dir='ltr'><strong><em>οοίαε</em></strong></span> <span class='ocrx_word' id='word_1_99' title='bbox 655 2375 849 2439; x_wconf 84' lang='lat' dir='ltr'><strong>mentionem</strong></span> <span class='ocrx_word' id='word_1_100' title='bbox 872 2395 968 2458; x_wconf 89' lang='lat' dir='ltr'><strong>snpra</strong></span> <span class='ocrx_word' id='word_1_101' title='bbox 989 2372 1138 2455; x_wconf 83' lang='lat' dir='ltr'><strong>fecimus,</strong></span> <span class='ocrx_word' id='word_1_102' title='bbox 1168 2395 1233 2437; x_wconf 90' lang='lat' dir='ltr'><strong>non</strong></span> <span class='ocrx_word' id='word_1_103' title='bbox 1255 2372 1295 2438; x_wconf 91' lang='lat' dir='ltr'><strong>de</strong></span> <span class='ocrx_word' id='word_1_104' title='bbox 1317 2395 1365 2437; x_wconf 88' lang='lat' dir='ltr'><strong>ar·</strong></span> 
     </span>
     <span class='ocr_line' id='line_1_19' title="bbox 273 2480 1366 2568; baseline -0.002 -22"><span class='ocrx_word' id='word_1_105' title='bbox 273 2483 399 2565; x_wconf 88' lang='lat' dir='ltr'><strong>mentis,</strong></span> <span class='ocrx_word' id='word_1_106' title='bbox 422 2481 537 2568; x_wconf 91' lang='lat' dir='ltr'><strong>quibus</strong></span> <span class='ocrx_word' id='word_1_107' title='bbox 558 2491 668 2566; x_wconf 87' lang='lat' dir='ltr'><strong>pastor</strong></span> <span class='ocrx_word' id='word_1_108' title='bbox 689 2491 826 2566; x_wconf 86' lang='lat' dir='ltr'><strong>praeest,</strong></span> <span class='ocrx_word' id='word_1_109' title='bbox 856 2480 913 2545; x_wconf 93' lang='lat' dir='ltr'><strong>sed</strong></span> <span class='ocrx_word' id='word_1_110' title='bbox 933 2480 974 2545; x_wconf 88' lang='lat' dir='ltr'><strong>de</strong></span> <span class='ocrx_word' id='word_1_111' title='bbox 994 2480 1071 2545; x_wconf 88' lang='lat' dir='ltr'><strong>feris</strong></span> <span class='ocrx_word' id='word_1_112' title='bbox 1093 2480 1213 2545; x_wconf 87' lang='lat' dir='ltr'><strong>dictum</strong></span> <span class='ocrx_word' id='word_1_113' title='bbox 1236 2503 1304 2546; x_wconf 87' lang='lat' dir='ltr'><strong>esse</strong></span> <span class='ocrx_word' id='word_1_114' title='bbox 1326 2503 1366 2546; x_wconf 84' lang='lat' dir='ltr'><strong>ex</strong></span> 
     </span>
     <span class='ocr_line' id='line_1_20' title="bbox 273 2588 1366 2674; baseline 0 -21"><span class='ocrx_word' id='word_1_115' title='bbox 273 2590 342 2654; x_wconf 93' lang='lat' dir='ltr'><strong>loco</strong></span> <span class='ocrx_word' id='word_1_116' title='bbox 362 2588 499 2674; x_wconf 91' lang='lat' dir='ltr'><strong>quodam</strong></span> <span class='ocrx_word' id='word_1_117' title='bbox 522 2588 696 2674; x_wconf 85' lang='lat' dir='ltr'><strong>Euripideo</strong></span> <span class='ocrx_word' id='word_1_118' title='bbox 726 2589 965 2673; x_wconf 83' lang='lat' dir='ltr'><strong>cognoscimus,</strong></span> <span class='ocrx_word' id='word_1_119' title='bbox 997 2589 1052 2673; x_wconf 93' lang='lat' dir='ltr'><strong>qui</strong></span> <span class='ocrx_word' id='word_1_120' title='bbox 1079 2589 1150 2653; x_wconf 92' lang='lat' dir='ltr'><strong>Alc.</strong></span> <span class='ocrx_word' id='word_1_121' title='bbox 1179 2610 1209 2653; x_wconf 91' lang='lat' dir='ltr'><strong>v.</strong></span> <span class='ocrx_word' id='word_1_122' title='bbox 1231 2589 1294 2653; x_wconf 79' lang='lat'><strong>579</strong></span> <span class='ocrx_word' id='word_1_123' title='bbox 1321 2590 1366 2653; x_wconf 91' lang='lat' dir='ltr'><strong>ita</strong></span> 
     </span>
     <span class='ocr_line' id='line_1_21' title="bbox 273 2708 542 2784; baseline -0.004 -22"><span class='ocrx_word' id='word_1_124' title='bbox 273 2719 441 2784; x_wconf 87' lang='lat' dir='ltr'><strong>expressus</strong></span> <span class='ocrx_word' id='word_1_125' title='bbox 464 2708 542 2762; x_wconf 90' lang='lat' dir='ltr'><strong>est:</strong></span> 
     </span>
     <span class='ocr_line' id='line_1_22' title="bbox 355 2797 1317 2894; baseline -0.002 -24"><span class='ocrx_word' id='word_1_126' title='bbox 355 2798 416 2870; x_wconf 77' lang='lat' dir='ltr'><strong>ode·</strong></span> <span class='ocrx_word' id='word_1_127' title='bbox 437 2805 466 2870; x_wconf 82' lang='grc' dir='ltr'><strong>δ’</strong></span> <span class='ocrx_word' id='word_1_128' title='bbox 487 2803 725 2889; x_wconf 80' lang='grc' dir='ltr'><strong><em>ἐποιμαίνοντο</em></strong></span> <span class='ocrx_word' id='word_1_129' title='bbox 745 2808 831 2894; x_wconf 80' lang='grc' dir='ltr'><strong><em>χαρᾷ</em></strong></span> <span class='ocrx_word' id='word_1_130' title='bbox 851 2804 981 2888; x_wconf 77' lang='grc' dir='ltr'><strong><em>μελέων</em></strong></span> <span class='ocrx_word' id='word_1_131' title='bbox 1000 2804 1113 2884; x_wconf 81' lang='grc' dir='ltr'><strong><em>βαλιαί</em></strong></span> <span class='ocrx_word' id='word_1_132' title='bbox 1134 2826 1170 2868; x_wconf 87' lang='grc' dir='ltr'><strong>τε</strong></span> <span class='ocrx_word' id='word_1_133' title='bbox 1191 2797 1317 2888; x_wconf 58' lang='lat' dir='ltr'><strong>edyssa</strong></span> 
     </span>
    </p>

    <p class='ocr_par' dir='ltr' id='par_1_6' title="bbox 211 2910 1365 3106">
     <span class='ocr_line' id='line_1_23' title="bbox 211 2910 1365 3000; baseline -0.003 -22"><span class='ocrx_word' id='word_1_134' title='bbox 211 2996 214 3000; x_wconf 11' lang='grc' dir='ltr'>ἢ</span> <span class='ocrx_word' id='word_1_135' title='bbox 273 2914 407 2978; x_wconf 89' lang='lat' dir='ltr'><strong>Passiva</strong></span> <span class='ocrx_word' id='word_1_136' title='bbox 428 2922 535 2977; x_wconf 90' lang='lat' dir='ltr'><strong>autem</strong></span> <span class='ocrx_word' id='word_1_137' title='bbox 557 2913 688 2976; x_wconf 89' lang='lat' dir='ltr'><strong>notione</strong></span> <span class='ocrx_word' id='word_1_138' title='bbox 709 2911 854 2996; x_wconf 90' lang='lat' dir='ltr'><strong>praedito</strong></span> <span class='ocrx_word' id='word_1_139' title='bbox 878 2910 1056 2995; x_wconf 84' lang='lat' dir='ltr'><strong>Aeschylus</strong></span> <span class='ocrx_word' id='word_1_140' title='bbox 1086 2932 1163 2975; x_wconf 92' lang='lat' dir='ltr'><strong>usus</strong></span> <span class='ocrx_word' id='word_1_141' title='bbox 1197 2921 1246 2976; x_wconf 87' lang='lat' dir='ltr'><strong>est</strong></span> <span class='ocrx_word' id='word_1_142' title='bbox 1266 2911 1365 2975; x_wconf 83' lang='lat' dir='ltr'><strong>verbo</strong></span> 
     </span>
     <span class='ocr_line' id='line_1_24' title="bbox 271 3019 791 3106; baseline -0.004 -20"><span class='ocrx_word' id='word_1_143' title='bbox 271 3023 510 3106; x_wconf 75' lang='grc' dir='ltr'><strong><em>ποιμαίνεοδαι</em></strong></span> <span class='ocrx_word' id='word_1_144' title='bbox 531 3019 624 3084; x_wconf 85' lang='lat' dir='ltr'><strong>Eum.</strong></span> <span class='ocrx_word' id='word_1_145' title='bbox 647 3041 677 3081; x_wconf 87' lang='lat' dir='ltr'><strong>v.</strong></span> <span class='ocrx_word' id='word_1_146' title='bbox 700 3020 791 3084; x_wconf 78' lang='lat'>249:</span> 
     </span>
    </p>

    <p class='ocr_par' dir='ltr' id='par_1_7' title="bbox 271 3119 1366 3861">
     <span class='ocr_line' id='line_1_25' title="bbox 584 3119 1267 3212; baseline 0 -20"><span class='ocrx_word' id='word_1_147' title='bbox 584 3119 713 3210; x_wconf 79' lang='grc' dir='ltr'><strong><em>χθονὸς</em></strong></span> <span class='ocrx_word' id='word_1_148' title='bbox 733 3119 796 3212; x_wconf 79' lang='grc' dir='ltr'><strong>γὰρ</strong></span> <span class='ocrx_word' id='word_1_149' title='bbox 817 3130 883 3203; x_wconf 85' lang='grc' dir='ltr'><strong>πᾶς</strong></span> <span class='ocrx_word' id='word_1_150' title='bbox 903 3128 1130 3211; x_wconf 88' lang='grc' dir='ltr'><strong><em>πεποίμανται</em></strong></span> <span class='ocrx_word' id='word_1_151' title='bbox 1150 3120 1267 3205; x_wconf 85' lang='grc' dir='ltr'><strong><em>τόπος,</em></strong></span> 
     </span>
     <span class='ocr_line' id='line_1_26' title="bbox 272 3234 1366 3321; baseline -0.004 -20"><span class='ocrx_word' id='word_1_152' title='bbox 272 3258 335 3321; x_wconf 91' lang='lat' dir='ltr'><strong>quo</strong></span> <span class='ocrx_word' id='word_1_153' title='bbox 362 3236 432 3300; x_wconf 93' lang='lat' dir='ltr'><strong>loco</strong></span> <span class='ocrx_word' id='word_1_154' title='bbox 464 3234 504 3300; x_wconf 90' lang='lat' dir='ltr'><strong>de</strong></span> <span class='ocrx_word' id='word_1_155' title='bbox 532 3234 740 3319; x_wconf 82' lang='lat' dir='ltr'><strong>animalibus,</strong></span> <span class='ocrx_word' id='word_1_156' title='bbox 772 3257 854 3320; x_wconf 91' lang='lat' dir='ltr'><strong>quae</strong></span> <span class='ocrx_word' id='word_1_157' title='bbox 882 3235 1125 3321; x_wconf 84' lang='lat' dir='ltr'><strong>progredientes</strong></span> <span class='ocrx_word' id='word_1_158' title='bbox 1154 3257 1251 3320; x_wconf 83' lang='lat' dir='ltr'><strong>agros</strong></span> <span class='ocrx_word' id='word_1_159' title='bbox 1280 3244 1366 3300; x_wconf 91' lang='lat' dir='ltr'><strong>totos</strong></span> 
     </span>
     <span class='ocr_line' id='line_1_27' title="bbox 272 3342 1366 3430; baseline -0.002 -23"><span class='ocrx_word' id='word_1_160' title='bbox 272 3345 458 3428; x_wconf 91' lang='lat' dir='ltr'><strong>depascunt,</strong></span> <span class='ocrx_word' id='word_1_161' title='bbox 480 3342 522 3407; x_wconf 90' lang='lat' dir='ltr'><strong>ad</strong></span> <span class='ocrx_word' id='word_1_162' title='bbox 544 3342 714 3407; x_wconf 81' lang='lat' dir='ltr'><strong>Furiarum</strong></span> <span class='ocrx_word' id='word_1_163' title='bbox 736 3343 867 3408; x_wconf 89' lang='lat' dir='ltr'><strong>chorum</strong></span> <span class='ocrx_word' id='word_1_164' title='bbox 890 3343 1057 3408; x_wconf 83' lang='lat' dir='ltr'><strong>translatio</strong></span> <span class='ocrx_word' id='word_1_165' title='bbox 1079 3342 1133 3426; x_wconf 87' lang='lat' dir='ltr'><strong>fit,</strong></span> <span class='ocrx_word' id='word_1_166' title='bbox 1164 3344 1219 3430; x_wconf 90' lang='lat' dir='ltr'><strong>qui</strong></span> <span class='ocrx_word' id='word_1_167' title='bbox 1242 3342 1366 3408; x_wconf 88' lang='lat' dir='ltr'><strong>Orestis</strong></span> 
     </span>
     <span class='ocr_line' id='line_1_28' title="bbox 271 3449 1365 3536; baseline 0 -22"><span class='ocrx_word' id='word_1_168' title='bbox 271 3449 487 3535; x_wconf 87' lang='lat' dir='ltr'><strong>investigandi</strong></span> <span class='ocrx_word' id='word_1_169' title='bbox 528 3471 624 3515; x_wconf 85' lang='lat' dir='ltr'><strong>causa</strong></span> <span class='ocrx_word' id='word_1_170' title='bbox 662 3451 769 3515; x_wconf 91' lang='lat' dir='ltr'><strong>omnia</strong></span> <span class='ocrx_word' id='word_1_171' title='bbox 806 3460 912 3516; x_wconf 89' lang='lat' dir='ltr'><strong>terrae</strong></span> <span class='ocrx_word' id='word_1_172' title='bbox 950 3450 1020 3515; x_wconf 91' lang='lat' dir='ltr'><strong>loca</strong></span> <span class='ocrx_word' id='word_1_173' title='bbox 1057 3459 1275 3536; x_wconf 88' lang='lat' dir='ltr'><strong>perscrutatus</strong></span> <span class='ocrx_word' id='word_1_174' title='bbox 1307 3459 1365 3514; x_wconf 88' lang='lat' dir='ltr'><strong>ost.</strong></span> 
     </span>
     <span class='ocr_line' id='line_1_29' title="bbox 271 3555 1366 3644; baseline -0.002 -21"><span class='ocrx_word' id='word_1_175' title='bbox 271 3558 408 3624; x_wconf 86' lang='lat' dir='ltr'><strong>Accedit</strong></span> <span class='ocrx_word' id='word_1_176' title='bbox 435 3559 672 3623; x_wconf 88' lang='lat' dir='ltr'><strong>substantivum</strong></span> <span class='ocrx_word' id='word_1_177' title='bbox 702 3560 828 3644; x_wconf 86' lang='grc' dir='ltr'><strong><em>ποίμνη</em></strong></span> <span class='ocrx_word' id='word_1_178' title='bbox 854 3558 904 3623; x_wconf 93' lang='lat' dir='ltr'><strong>bis</strong></span> <span class='ocrx_word' id='word_1_179' title='bbox 934 3555 1152 3643; x_wconf 88' lang='lat' dir='ltr'><strong>metaphorice</strong></span> <span class='ocrx_word' id='word_1_180' title='bbox 1178 3567 1366 3642; x_wconf 88' lang='lat' dir='ltr'><strong>usurpatum</strong></span> 
     </span>
     <span class='ocr_line' id='line_1_30' title="bbox 271 3664 1366 3752; baseline -0.002 -20"><span class='ocrx_word' id='word_1_181' title='bbox 271 3667 313 3732; x_wconf 93' lang='lat' dir='ltr'><strong>ab</strong></span> <span class='ocrx_word' id='word_1_182' title='bbox 337 3666 508 3751; x_wconf 86' lang='lat' dir='ltr'><strong>Aeschylo,</strong></span> <span class='ocrx_word' id='word_1_183' title='bbox 530 3667 585 3751; x_wconf 92' lang='lat' dir='ltr'><strong>qui</strong></span> <span class='ocrx_word' id='word_1_184' title='bbox 607 3666 717 3752; x_wconf 82' lang='lat' dir='ltr'><strong>Suppl.</strong></span> <span class='ocrx_word' id='word_1_185' title='bbox 740 3688 771 3730; x_wconf 87' lang='lat' dir='ltr'><strong>v.</strong></span> <span class='ocrx_word' id='word_1_186' title='bbox 790 3667 852 3731; x_wconf 77' lang='lat'><strong>642</strong></span> <span class='ocrx_word' id='word_1_187' title='bbox 874 3666 981 3730; x_wconf 92' lang='lat' dir='ltr'><strong>Danai</strong></span> <span class='ocrx_word' id='word_1_188' title='bbox 1002 3664 1083 3730; x_wconf 87' lang='lat' dir='ltr'><strong>lilias</strong></span> <span class='ocrx_word' id='word_1_189' title='bbox 1104 3666 1249 3730; x_wconf 88' lang='lat' dir='ltr'><strong>nominat</strong></span> <span class='ocrx_word' id='word_1_190' title='bbox 1269 3666 1366 3749; x_wconf 92' lang='grc' dir='ltr'><strong><em>ποίμ-</em></strong></span> 
     </span>
     <span class='ocr_line' id='line_1_31' title="bbox 271 3765 1110 3861; baseline -0.004 -20"><span class='ocrx_word' id='word_1_191' title='bbox 271 3798 334 3841; x_wconf 90' lang='grc' dir='ltr'><strong>ναν</strong></span> <span class='ocrx_word' id='word_1_192' title='bbox 353 3769 447 3841; x_wconf 81' lang='grc' dir='ltr'><strong><em>τάνδ’</em></strong></span> <span class='ocrx_word' id='word_1_193' title='bbox 467 3765 657 3861; x_wconf 73' lang='grc' dir='ltr'><strong><em>ἀμέγαρτον</em></strong></span> <span class='ocrx_word' id='word_1_194' title='bbox 676 3784 709 3839; x_wconf 89' lang='lat' dir='ltr'><strong>et</strong></span> <span class='ocrx_word' id='word_1_195' title='bbox 730 3775 822 3838; x_wconf 83' lang='lat' dir='ltr'><strong>Eum.</strong></span> <span class='ocrx_word' id='word_1_196' title='bbox 846 3795 875 3837; x_wconf 91' lang='lat' dir='ltr'><strong>v.</strong></span> <span class='ocrx_word' id='word_1_197' title='bbox 902 3774 958 3838; x_wconf 79' lang='lat'><strong>197</strong></span> <span class='ocrx_word' id='word_1_198' title='bbox 981 3773 1081 3838; x_wconf 89' lang='lat' dir='ltr'><strong>verba</strong></span> <span class='ocrx_word' id='word_1_199' title='bbox 1103 3797 1110 3838; x_wconf 77' lang='grc' dir='ltr'><strong><em>ε</em></strong></span> 
     </span>
    </p>

    <p class='ocr_par' dir='ltr' id='par_1_8' title="bbox 420 3871 1177 3968">
     <span class='ocr_line' id='line_1_32' title="bbox 420 3871 1177 3968; baseline -0.003 -20"><span class='ocrx_word' id='word_1_200' title='bbox 420 3884 562 3968; x_wconf 88' lang='grc' dir='ltr'><strong><em>ποίμνης</em></strong></span> <span class='ocrx_word' id='word_1_201' title='bbox 582 3875 740 3968; x_wconf 83' lang='grc' dir='ltr'><strong><em>τοιαύτης</em></strong></span> <span class='ocrx_word' id='word_1_202' title='bbox 761 3882 790 3947; x_wconf 85' lang='grc' dir='ltr'><strong>δ’</strong></span> <span class='ocrx_word' id='word_1_203' title='bbox 812 3872 904 3958; x_wconf 73' lang='grc' dir='ltr'><strong><em>οὔτις</em></strong></span> <span class='ocrx_word' id='word_1_204' title='bbox 926 3871 1063 3967; x_wconf 74' lang='grc' dir='ltr'><strong><em>εὐφιλὴς</em></strong></span> <span class='ocrx_word' id='word_1_205' title='bbox 1083 3886 1177 3948; x_wconf 74' lang='grc' dir='ltr'><strong><em>θεῶν</em></strong></span> 
     </span>
    </p>

    <p class='ocr_par' dir='ltr' id='par_1_9' title="bbox 272 3987 1366 4183">
     <span class='ocr_line' id='line_1_33' title="bbox 272 3987 1365 4075; baseline -0.003 -21"><span class='ocrx_word' id='word_1_206' title='bbox 272 3990 312 4054; x_wconf 86' lang='lat' dir='ltr'><strong>ad</strong></span> <span class='ocrx_word' id='word_1_207' title='bbox 332 3991 502 4055; x_wconf 83' lang='lat' dir='ltr'><strong>Furiarum</strong></span> <span class='ocrx_word' id='word_1_208' title='bbox 523 3990 655 4054; x_wconf 84' lang='lat' dir='ltr'><strong>chorum</strong></span> <span class='ocrx_word' id='word_1_209' title='bbox 676 4001 824 4075; x_wconf 88' lang='lat' dir='ltr'><strong>spectare</strong></span> <span class='ocrx_word' id='word_1_210' title='bbox 845 3990 923 4054; x_wconf 88' lang='lat' dir='ltr'><strong>vult.</strong></span> <span class='ocrx_word' id='word_1_211' title='bbox 966 3989 1037 4054; x_wconf 88' lang='lat' dir='ltr'><strong>Iam</strong></span> <span class='ocrx_word' id='word_1_212' title='bbox 1059 3990 1109 4053; x_wconf 92' lang='lat' dir='ltr'><strong>oui</strong></span> <span class='ocrx_word' id='word_1_213' title='bbox 1131 3988 1281 4052; x_wconf 88' lang='lat' dir='ltr'><strong>animalia</strong></span> <span class='ocrx_word' id='word_1_214' title='bbox 1302 3987 1365 4070; x_wconf 89' lang='lat' dir='ltr'><strong>illa,</strong></span> 
     </span>
     <span class='ocr_line' id='line_1_34' title="bbox 272 4091 1366 4183; baseline -0.004 -21"><span class='ocrx_word' id='word_1_215' title='bbox 272 4119 353 4182; x_wconf 90' lang='lat' dir='ltr'><strong>quae</strong></span> <span class='ocrx_word' id='word_1_216' title='bbox 373 4091 528 4183; x_wconf 73' lang='lat' dir='ltr'><strong>neddere</strong></span> <span class='ocrx_word' id='word_1_217' title='bbox 550 4121 570 4162; x_wconf 92' lang='lat' dir='ltr'><strong>a</strong></span> <span class='ocrx_word' id='word_1_218' title='bbox 589 4097 722 4164; x_wconf 85' lang='lat' dir='ltr'><strong>Graecis</strong></span> <span class='ocrx_word' id='word_1_219' title='bbox 744 4109 910 4180; x_wconf 83' lang='lat' dir='ltr'><strong>vocantur,</strong></span> <span class='ocrx_word' id='word_1_220' title='bbox 932 4107 1060 4182; x_wconf 91' lang='lat' dir='ltr'><strong>pastum</strong></span> <span class='ocrx_word' id='word_1_221' title='bbox 1082 4095 1210 4180; x_wconf 81' lang='lat' dir='ltr'><strong>agenda</strong></span> <span class='ocrx_word' id='word_1_222' title='bbox 1231 4105 1315 4177; x_wconf 89' lang='lat' dir='ltr'><strong>sunt,</strong></span> <span class='ocrx_word' id='word_1_223' title='bbox 1337 4095 1366 4158; x_wconf 93' lang='lat' dir='ltr'><strong>ei</strong></span> 
     </span>
    </p>
   </div>
   <div class='ocr_carea' id='block_1_4' title="bbox 339 4325 955 4396">
    <p class='ocr_par' dir='ltr' id='par_1_10' title="bbox 339 4325 955 4396">
     <span class='ocr_line' id='line_1_35' title="bbox 339 4325 955 4396; baseline -0.01 -13"><span class='ocrx_word' id='word_1_224' title='bbox 339 4325 355 4359; x_wconf 58' lang='lat'>²</span> <span class='ocrx_word' id='word_1_225' title='bbox 373 4328 523 4396; x_wconf 85' lang='grc' dir='ltr'><strong><em>ποιμαίνει</em></strong></span> <span class='ocrx_word' id='word_1_226' title='bbox 542 4343 575 4378; x_wconf 86' lang='lat' dir='ltr'><strong>sx</strong></span> <span class='ocrx_word' id='word_1_227' title='bbox 593 4328 710 4392; x_wconf 86' lang='lat' dir='ltr'><strong>scholiis,</strong></span> <span class='ocrx_word' id='word_1_228' title='bbox 727 4327 791 4380; x_wconf 89' lang='lat' dir='ltr'><strong>libri</strong></span> <span class='ocrx_word' id='word_1_229' title='bbox 810 4327 955 4396; x_wconf 81' lang='grc' dir='ltr'><strong><em>πημαίνει,</em></strong></span> 
     </span>
    </p>
   </div>
   <div class='ocr_carea' id='block_1_5' title="bbox 1580 2059 1597 2096">
    <p class='ocr_par' dir='ltr' id='par_1_11' title="bbox 1580 2059 1597 2096">
     <span class='ocr_line' id='line_1_36' title="bbox 1580 2059 1597 2096; baseline 0 0"><span class='ocrx_word' id='word_1_230' title='bbox 1580 2059 1597 2096; x_wconf 74' lang='lat'><em>0</em></span> 
     </span>
    </p>
   </div>
   <div class='ocr_carea' id='block_1_6' title="bbox 0 0 1614 5014">
    <p class='ocr_par' dir='ltr' id='par_1_12' title="bbox 0 0 1614 5014">
     <span class='ocr_line' id='line_1_37' title="bbox 0 0 1614 5014; baseline 0 0"><span class='ocrx_word' id='word_1_231' title='bbox 0 0 1614 5014; x_wconf 95' lang='lat' dir='ltr'><strong> </strong></span> 
     </span>
    </p>
   </div>
  </div>
 </body>
</html>
