3220 5014
216 606 257 672 ab
279 607 440 692 Aeschylo
463 607 617 690 adhibita,
644 607 726 674 hene
747 608 799 678 hic
820 607 1046 692 adiunguntur.
1091 610 1141 675 Ac
1170 610 1307 695 primum

217 715 350 780 dicimus
372 715 481 780 Proin.
503 737 532 780 v.
554 716 614 782 567
638 740 645 781 ι

412 824 497 910 χρίει
518 847 569 901 τις
589 809 632 888 ud
651 847 692 908 με
714 817 777 892 τόν
798 818 960 892 τάλαιναν
982 819 1123 909 οἶστρος,

217 951 258 1015 ad
280 971 384 1035 quem,
407 969 477 1012 cum
492 947 665 1014 scholiasta
678 949 853 1033 explicaret
868 974 875 1015 :
891 944 1035 1036 ἐμμανὴς
1057 935 1139 1016 ούσα
1161 940 1228 1016 ύπύ
1244 953 1308 1016 τοῦ

219 1057 354 1143 οἴστρου
374 1049 595 1140 φαντάζεται,
623 1079 681 1121 suo
710 1059 778 1123 iure
800 1057 935 1124 Weilius
958 1057 1128 1123 adnotasse
1149 1057 1305 1124 videtur:

220 1166 285 1251 ,At
305 1164 404 1229 verba
424 1166 591 1249 sequentia
605 1165 722 1230 docent
736 1176 877 1230 oestrum
892 1165 944 1230 hio
959 1165 1113 1230 translate
1127 1186 1185 1250 pro
1199 1166 1307 1231 furore

219 1272 337 1339 dictum
359 1293 436 1356 esse,
457 1273 620 1359 sapienter
641 1284 744 1358 poeta,
768 1295 838 1340 cum
854 1295 905 1340 res
920 1274 979 1340 sub
997 1274 1186 1359 spectatoris
1209 1272 1307 1337 oculis

218 1391 341 1465 agatur,
357 1380 480 1464 asilum,
495 1402 663 1446 vaccarum
679 1390 811 1466 pestem,
827 1403 891 1448 non
907 1390 1116 1464 monstrante,
1129 1381 1184 1446 sed
1200 1390 1308 1446 tamen

218 1488 317 1554 verbo
338 1490 408 1575 ipso
431 1487 664 1574 quodammodo
679 1487 888 1572 significante,
911 1490 1024 1554 eadem
1039 1500 1108 1554 arte
1122 1510 1186 1575 qua
1196 1488 1308 1553 Ionem

218 1617 282 1660 non
302 1598 440 1661 mutavit
461 1597 494 1661 in
508 1618 648 1680 vaccam,
670 1596 726 1662 sed
741 1618 861 1662 cornua
875 1598 972 1683 capiti
986 1598 1130 1681 virgineo
1145 1599 1308 1681 imponere

219 1706 297 1770 satis
318 1703 429 1770 habuit
451 1705 536 1790 (588,
558 1707 643 1790 674).
687 1706 843 1772 Attamen
865 1707 950 1771 infra
972 1707 1004 1769 in
1022 1705 1111 1770 Ionis
1125 1705 1309 1769 narratione

220 1810 319 1878 verba
339 1801 511 1900 ὀξυστόμῳ
532 1807 646 1899 μύωπι
668 1835 699 1878 τ.
720 1814 782 1880 675
810 1815 879 1879 sine
910 1812 1006 1878 dubio
1034 1811 1074 1876 de
1095 1813 1163 1896 ipso
1185 1812 1308 1876 insecto

221 1921 434 2007 accipienda.“
485 1921 550 1989 Sed
581 1923 635 1987 alii
664 1923 697 1986 in
726 1921 838 1987 eadem
867 1920 976 1986 fabula
1003 1921 1210 1985 inveniuntur
1238 1920 1308 1996 loci,

219 2027 273 2093 uhi
295 2031 485 2095 translatum
512 2031 595 2096 illius
625 2031 711 2094 vocis
733 2050 824 2093 nsum
846 2029 1008 2094 habemus.
1058 2027 1144 2093 Nam
1166 2049 1249 2112 quae
1270 2026 1310 2092 de

216 2157 248 2200 v.
269 2136 330 2202 oet
353 2138 500 2222 exposuit
533 2139 582 2202 vir
613 2136 665 2202 ille
686 2137 898 2220 doctissimus,
928 2136 1039 2202 eadem
1061 2135 1103 2201 ad
1124 2158 1155 2200 v.
1177 2135 1239 2200 880
1259 2157 1308 2200 re·

218 2246 295 2312 ferri
316 2256 458 2333 possunt,
480 2247 535 2310 ubi
556 2244 635 2310 haec
656 2245 810 2310 habemus
831 2246 919 2311 Ionis
941 2244 1041 2309 verba
1062 2268 1070 2309 τ

417 2354 553 2440 οἴστρου
573 2356 602 2420 δ’
623 2346 716 2440 ἄρδις
735 2355 820 2439 χρίει
840 2355 873 2439 μ’
895 2345 1032 2439 ἄπυρος,

219 2502 239 2544 a
266 2478 381 2566 quibus
410 2502 473 2546 non
505 2481 633 2546 diversa
659 2490 750 2563 sunt,
781 2500 863 2566 quae
884 2479 996 2568 Suppl.
1020 2501 1050 2543 v.
1072 2478 1134 2544 540
1155 2497 1243 2563 seqq.
1266 2461 1309 2541 le-

218 2598 337 2674 guntur
357 2613 365 2655 τ

763 2694 865 2762 ἐνθεν
885 2684 931 2762 'Id

587 2803 711 2892 οἴστρῳ
730 2803 929 2890 ἐρεσσομένῳ

587 2907 702 3001 φεύγει
723 2903 934 2997 ἁμαρτίνοος.
1019 2973 1022 2980 ,
1065 2929 1067 2934 ·

219 3040 328 3128 Atque
350 3039 485 3108 eandem
505 3039 617 3106 Inachi
638 3037 736 3105 filiam
758 3039 888 3104 terroris
910 3037 1038 3102 stimulo
1060 3055 1242 3122 percussam
1261 3056 1308 3099 re·

219 3149 381 3236 quiescere
402 3171 467 3214 non
488 3170 591 3236 posse,
615 3170 655 3212 ex
676 3147 792 3232 prioris
815 3146 942 3212 fabulae
956 3167 986 3209 v.
999 3144 1137 3230 580seq.
1153 3151 1309 3229 apparet:

468 3249 675 3344 οἰστρηλάτῳ
696 3255 733 3321 δὲ
754 3256 883 3341 δείματι
906 3254 1055 3320 δειλαίαν

468 3357 670 3450 παράκοπον
692 3346 756 3428 ὦδε
778 3363 906 3448 τείρεις.

219 3490 346 3558 Deinde
367 3491 475 3558 furore
496 3489 658 3555 stimulata
679 3487 794 3554 dicitur
816 3485 935 3553 ibidem
956 3509 985 3550 v.
1008 3487 1070 3553 589
1093 3510 1100 3551 :

366 3604 439 3680 πῶς
460 3599 488 3665 δ
510 3588 551 3664 ού
572 3592 664 3664 κλύοο
684 3602 742 3683 τῆς
763 3588 1016 3683 οἰστροδινήτου
1037 3587 1147 3681 κόρης,

218 3727 269 3793 cui
287 3726 358 3792 ἰοοο
379 3723 561 3794 addendum
583 3734 632 3790 est
646 3721 723 3790 illud
743 3716 1002 3810 οἰστροδόνητον
1015 3709 1074 3803 id,
1097 3717 1183 3805 quod
1197 3716 1309 3803 Suppl.

219 3857 249 3898 v.
270 3834 333 3900 573
356 3842 471 3899 exstat.
514 3829 605 3897 Idem
627 3840 735 3895 autem
756 3831 946 3915 exprimitur
967 3828 1074 3894 Prom.
1090 3848 1120 3892 v.
1135 3825 1194 3892 681
1217 3845 1309 3910 seq:

667 3931 868 4024 οἰστροπλὴξ
888 3937 916 4004 δ
938 3929 998 4023 dyo*

416 4041 548 4135 μάστιγι
568 4047 648 4136 θείη
668 4049 730 4132 γῆν
749 4039 816 4132 πρὸ
837 4048 894 4132 γῆς
914 4036 1103 4130 ἐλαύνομαι.

219 4173 406 4260 Eademque
426 4172 662 4259 significatione
683 4172 803 4238 dictum
823 4171 909 4257 apud
922 4167 1109 4256 Euripidem
1130 4166 1309 4234 invenimus

219 4280 411 4348 adiectivum
433 4274 634 4376 οἰστροπλὴξ
653 4279 771 4347 Bacch.
793 4302 823 4346 v.
850 4278 926 4345 1227
949 4299 1038 4364 seqq.
1061 4301 1069 4342 t
