3220 5014
304 1547 438 1613 Veteres
462 1573 531 1614 cum
555 1551 675 1614 maiore
696 1549 801 1614 studio
817 1559 914 1634 atque
930 1571 1048 1632 amore,
1071 1571 1165 1634 quam
1181 1558 1310 1613 nostrae

219 1657 333 1720 aetatis
356 1657 516 1740 homines,
546 1659 727 1722 universam
757 1679 863 1721 rerum
892 1666 1039 1720 naturam
1068 1657 1206 1741 amplexi
1236 1658 1309 1740 sint,

218 1786 282 1828 non
304 1767 464 1848 miramur,
490 1766 574 1851 quod
597 1767 751 1851 imprimis
774 1787 844 1828 cum
866 1764 1057 1828 animalibus
1079 1766 1181 1848 iisque
1203 1764 1307 1828 dome-

218 1873 305 1935 sticis
327 1875 446 1936 artiore
468 1873 606 1959 quodam
628 1873 754 1936 vinculo
778 1883 809 1936 et
831 1874 922 1958 quasi
944 1872 1160 1936 familiaritate
1175 1874 1221 1936 ita
1235 1894 1307 1936 con-

218 1981 340 2044 iunctos
371 1981 470 2044 fuisse
500 1981 569 2045 illos
601 1983 839 2066 cognoscimus,
870 1990 905 2044 ut
936 1982 1106 2065 scriptores
1129 2003 1236 2045 eorum
1259 1981 1307 2045 his

217 2089 311 2151 rebus
333 2098 388 2152 aut
410 2087 626 2153 describendis
648 2098 703 2152 aut
726 2087 1016 2174 comparationibus
1033 2087 1306 2152 translationibus·

217 2218 278 2281 que
299 2195 340 2259 ab
365 2197 402 2259 iis
418 2195 563 2280 petendis
578 2196 716 2260 libenter
731 2217 859 2282 operam
875 2205 1040 2260 navarent.
1083 2195 1168 2260 Nam
1191 2195 1307 2262 Graeci

219 2303 346 2388 quidem
376 2325 528 2387 magnum
558 2303 632 2368 inde
661 2305 835 2386 imaginum
866 2324 1032 2367 numerum
1053 2302 1305 2388 desumpserunt,

217 2411 331 2497 quibus
374 2413 550 2474 orationem
590 2422 791 2476 exornarent.
857 2411 966 2496 Atque
999 2433 1038 2474 ex
1072 2433 1136 2474 uno
1172 2411 1307 2476 Platone

215 2529 356 2605 apparet,
380 2529 579 2605 praestantes
609 2521 763 2606 imprimis
793 2529 825 2584 et
846 2521 988 2604 insignes
1017 2518 1237 2584 similitudines
1266 2541 1306 2582 ex

216 2628 287 2712 equi
310 2637 423 2692 natura
445 2627 620 2713 proficisci,
654 2629 680 2692 si
708 2629 843 2710 legimus
874 2650 930 2711 ea,
964 2649 1047 2712 quae
1072 2636 1201 2691 exstant
1222 2627 1304 2713 apol.

215 2757 244 2821 p.
266 2735 322 2818 30,
359 2735 491 2799 Phaedr.
523 2757 552 2820 p.
575 2735 654 2819 254,
686 2736 748 2821 leg.
780 2757 810 2821 p.
832 2735 902 2800 666.
956 2734 1026 2800 Nec
1058 2736 1172 2800 desunt
1204 2737 1306 2820 poetis

215 2844 328 2908 similia
358 2842 398 2907 ab
430 2844 479 2908 his
511 2844 606 2908 rebus
639 2845 754 2929 petita,
789 2845 885 2907 immo
918 2846 1065 2908 notitiam
1097 2865 1204 2908 earum
1234 2845 1305 2909 illos

214 2950 364 3015 habuisse
385 2961 450 3015 tam
471 2961 653 3016 accuratam
676 2974 716 3015 ex
739 2953 895 3037 poematis
925 2973 1032 3016 eorum
1056 2953 1200 3017 conicere
1220 2953 1304 3035 licet,

214 3068 249 3121 ut
286 3068 413 3122 nostrae
454 3061 568 3124 aetatis
603 3061 664 3123 nisi
692 3061 746 3145 qui
776 3060 809 3122 in
840 3057 994 3123 eiusmodi
1021 3058 1134 3122 studiis
1163 3069 1307 3124 versetur

214 3165 283 3229 illos
313 3187 451 3251 aequare
480 3167 512 3230 in
541 3168 601 3232 hac
626 3191 661 3232 re
682 3169 812 3231 minime
835 3168 945 3253 possit.
990 3165 1061 3246 Quo
1089 3165 1142 3250 fit,
1172 3176 1207 3231 ut
1236 3168 1306 3252 ipsa

214 3293 341 3358 quoque
373 3275 556 3358 tragoedia,
587 3297 651 3360 qua
679 3275 757 3340 nihil
786 3276 819 3338 in
848 3276 953 3360 poesis
984 3295 1102 3358 genere
1133 3275 1305 3358 perfectius

213 3382 297 3466 apud
320 3381 463 3446 Graecos
485 3382 646 3465 videmus,
679 3384 816 3446 veritate
838 3392 870 3447 et
892 3383 1095 3467 simplicitate
1116 3383 1251 3447 excellat
1273 3392 1305 3447 et

213 3489 254 3552 ad
276 3489 374 3573 ipsius
394 3500 528 3555 naturae
550 3490 788 3555 similitudinem
820 3491 865 3555 ita
896 3511 1048 3575 expressa
1075 3492 1238 3573 videatur,
1269 3500 1305 3555 ut

213 3595 252 3660 de
280 3595 340 3659 hac
370 3618 496 3683 quoque
528 3619 563 3660 re
596 3597 776 3662 Godofredi
808 3597 884 3662 illud
916 3597 1095 3662 Hermanni
1134 3598 1241 3662 valeat
1271 3600 1304 3662 in

212 3703 435 3768 dissertatione
459 3704 498 3768 de
520 3726 555 3768 re
576 3707 702 3769 scenica
723 3707 755 3769 in
778 3705 930 3790 Aeschyli
951 3704 1088 3771 Orestea
1114 3707 1272 3790 prolatum
1296 3730 1303 3770 ε

214 3811 388 3897 ,Naturam
412 3812 619 3877 imitabantur
641 3812 775 3896 Graeci,
805 3835 906 3898 eoque
935 3814 966 3876 in
997 3835 1089 3878 omne
1111 3834 1225 3879 aevum
1245 3835 1303 3899 pro

213 3921 366 4005 exemplis
388 3921 455 3984 veri
477 3922 620 4005 rectique
641 3921 763 4004 erunt“,
790 3923 850 3985 etsi
873 3921 949 3986 haec
971 3921 1071 3986 verba
1090 3922 1131 3986 ad
1153 3921 1231 3986 alias
1252 3944 1303 3987 res

212 4027 265 4090 illo
285 4028 356 4091 loeo
377 4037 531 4112 spectant.
576 4028 646 4092 Iam
674 4029 774 4113 igitur
803 4050 874 4092 cum
903 4031 935 4092 in
959 4028 1104 4093 omnibus
1124 4030 1192 4094 fere
1218 4031 1304 4094 vitae

211 4134 368 4199 humanae
389 4135 627 4200 condicionibus
657 4137 806 4200 animalia
835 4137 904 4218 illa,
936 4158 1017 4222 quae
1049 4137 1111 4201 huc
1131 4138 1302 4222 pertinent,

211 4239 295 4306 haud
332 4243 424 4326 parvi
458 4244 610 4306 momenti
646 4245 726 4326 sint,
757 4265 798 4308 ne
830 4245 857 4309 ei
896 4243 1024 4328 quidem
1059 4246 1112 4329 qui
1140 4244 1302 4308 hominum

211 4369 315 4413 mores
346 4359 377 4414 et
405 4351 551 4415 instituta
580 4350 790 4416 describenda
832 4351 891 4416 sibi
906 4392 909 4397 -
923 4354 1142 4438 proposuerit,
1178 4353 1302 4418 illorum
