3220 5014
513 614 622 711 ὦτῆς
643 613 769 711 ἀώρου,
790 619 941 711 θύγατερ
962 615 1077 703 detta,
1099 615 1208 711 τύχης.

313 732 413 819 Apud
433 754 528 819 quem
551 734 612 818 ipsi
634 755 761 819 quoque
783 735 855 798 voci
877 727 1028 809 θάνατος
1050 733 1110 797 hoc
1132 731 1324 796 adiectivum
1355 731 1409 796 tri·

313 841 422 905 buitur
444 840 550 908 Orest.
573 863 603 905 v.
630 841 709 906 1029
730 863 796 927 seq.
820 865 827 906 :
1070 915 1072 920 ,

394 1000 396 1006 .
512 935 540 1014 ὦ
560 950 677 1032 μέλεος
698 940 778 1035 ἥβης
799 953 867 1034 σῆς,
888 939 1029 1035 Ὀρέστα,
1051 949 1107 1014 καὶ
1128 941 1263 1032 πότμου

513 1051 669 1123 θανάτου
689 1057 719 1121 τ’
740 1046 856 1142 ἀώρου

311 1172 408 1247 atque
429 1162 468 1228 fr.
490 1163 552 1228 392
574 1185 603 1228 v.
625 1164 675 1229 4:
839 1157 841 1163 ⁸

461 1265 634 1347 θανάτους
653 1271 683 1335 τ’
705 1261 839 1356 ἀώρους
859 1273 916 1337 καὶ
937 1276 1052 1337 κακῶν
1072 1260 1175 1348 cilicis
1197 1261 1306 1347 ὁδούς.

311 1376 483 1443 Praeterea
504 1377 565 1442 hoc
586 1379 759 1463 vocabulo,
790 1390 902 1466 utpote
932 1379 1016 1466 quod
1046 1381 1240 1444 contrarium
1262 1380 1304 1442 sit
1325 1377 1408 1441 illius

310 1475 442 1569 ὡραῖος,
466 1487 492 1550 is
515 1486 725 1571 significatur,
748 1489 803 1573 qui
818 1487 959 1551 nondum
975 1489 1091 1552 aetatis
1106 1489 1292 1551 maturitate
1304 1483 1406 1548 floret.

315 1593 413 1658 Cuius
443 1615 518 1657 usus
549 1594 730 1680 exemplum
752 1593 828 1679 ¹Iph.
859 1595 932 1659 Aul.
960 1617 991 1658 v.
1017 1594 1096 1659 1218
1130 1603 1252 1676 exstat,
1284 1593 1339 1655 ubi
1367 1613 1408 1654 ne

314 1703 415 1786 ipsam
430 1702 572 1766 noudum
586 1701 728 1767 adultam
743 1703 900 1767 immolari
915 1703 1075 1786 admittat,
1097 1701 1146 1766 his
1162 1700 1269 1766 verbis
1283 1722 1304 1764 a
1317 1708 1408 1784 patre

312 1806 483 1894 Iphigenia
503 1809 652 1894 implorat
674 1833 682 1874 :

611 1911 655 2003 μή
676 1918 709 2003 μ’
730 1907 895 2002 ἀπολέσῃς
916 1908 1037 2002 ἄοορον.

313 2022 422 2108 Atque
444 2025 555 2088 eodem
576 2027 740 2110 pertinent
761 2047 808 2109 ee,
831 2025 946 2112 quibus
968 2023 1103 2090 aVeste
1125 2025 1277 2109 petivisse
1292 2022 1408 2087 dicitur

312 2130 462 2216 Alcestis,
481 2154 525 2197 ne
546 2133 638 2198 liberi
659 2136 718 2218 sui,
740 2137 925 2220 priusquam
944 2133 1045 2199 adulti
1060 2142 1177 2213 esseut,
1200 2131 1284 2196 diem
1297 2153 1407 2215 supre-

312 2240 555 2306 mumobirent.
598 2241 684 2308 Sunt
704 2253 812 2308 antem
835 2243 918 2307 illius
940 2243 1039 2306 verba
1060 2241 1131 2304 Alc.
1152 2260 1181 2303 v.
1200 2240 1257 2304 167
1273 2259 1339 2323 seq.
1362 2240 1408 2303 ita

312 2367 494 2430 expressa:

478 2455 552 2542 μηδ’
574 2447 687 2542 ὥσπερ
710 2447 825 2523 αὖτῶν
846 2447 867 2543 ἡ
887 2457 1020 2523 τεκοῦό
1042 2445 1233 2539 ἀπόλλυμαι

480 2569 601 2629 θανεῖν
621 2554 754 2650 ἀώρους
775 2566 905 2642 παῖδας.

392 2668 578 2755 Sequuntur
599 2672 698 2738 verba
719 2674 879 2757 metendi,
901 2694 1000 2759 quae,
1030 2693 1102 2736 curn
1124 2671 1166 2735 sb
1187 2671 1257 2734 aliis
1279 2689 1406 2755 quoque

309 2777 412 2859 poetis
434 2779 560 2863 saepius
582 2781 736 2845 translate
765 2780 911 2846 adhibita
938 2781 1019 2862 sint,
1051 2779 1190 2843 breviter
1221 2797 1406 2840 enumerare

309 2884 387 2948 satis
410 2887 478 2950 erit.
512 2887 562 2950 Ac
584 2889 721 2972 primum
738 2888 866 2974 quidem
881 2887 974 2953 nobis
990 2887 1127 2951 occurrit
1148 2883 1282 2949 verbum
1303 2884 1405 2968 κείρω

308 2991 376 3056 sive
397 2994 559 3078 κείρομαι,
583 3015 645 3079 quo
669 3017 744 3059 usus
768 3003 817 3059 est
836 2981 1007 3080 Euripides
1029 2993 1103 3058 Hel.
1126 3015 1155 3057 v.
1181 2991 1275 3074 1124,
1306 2989 1403 3075 Hipp.

307 3119 337 3162 v.
360 3098 449 3183 1426,
472 3097 592 3165 Phoen.
615 3124 644 3166 v.
667 3103 738 3187 322,
761 3094 867 3170 Οτοοτ.
890 3125 920 3167 v.
942 3102 1021 3186 458,
1052 3101 1102 3166 El.
1124 3121 1154 3165 v.
1177 3099 1256 3182 546,
1285 3097 1403 3163 Troad.

307 3226 339 3269 v.
363 3206 453 3271 1183.
508 3206 729 3294 Conpositum
761 3221 927 3295 praeterea
959 3200 1182 3295 ἆποκεὶρομαι
1213 3206 1310 3272 Herc.
1343 3205 1404 3270 sur.

307 3333 337 3376 v.
360 3313 422 3379 875
443 3315 614 3380 invenitur.
659 3318 756 3403 Apud
772 3319 969 3403 Aeschylum
989 3327 1097 3382 autem
1114 3315 1246 3381 verbum
1269 3313 1405 3399 simplex

307 3419 461 3486 habemus
473 3421 583 3508 Suppl.
600 3446 629 3488 v.
646 3426 707 3490 665
723 3436 755 3490 et
770 3425 859 3491 Pers.
875 3448 905 3489 v,
922 3426 992 3509 952,
1015 3427 1103 3489 ouius
1120 3421 1261 3488 eiusdem
1277 3420 1404 3485 fabulae

306 3550 337 3592 v.
350 3528 418 3593 Ι921
443 3533 656 3615 compositum
678 3531 837 3619 ἐπικείροο
867 3534 1023 3598 translate
1051 3542 1235 3616 usurpatur.
1276 3526 1405 3592 Deinde

306 3634 369 3700 huc
397 3637 601 3704 referendum
634 3650 682 3706 est
716 3641 849 3706 verbum
881 3630 996 3725 ἇμάοο,
1032 3640 1118 3726 quod
1149 3647 1257 3703 exstat
1285 3635 1403 3702 Aesch.

307 3743 423 3826 Agam.
446 3765 476 3809 v.
503 3745 598 3830 1044,
621 3748 769 3834 idemque
800 3748 904 3813 forma
932 3748 1061 3813 mediali
1082 3755 1271 3831 usurpatum
1290 3743 1403 3829 Eurip.

306 3851 345 3914 fr.
357 3851 427 3916 423.
471 3852 568 3939 Apud
592 3876 686 3940 quem
709 3867 876 3942 praetores
898 3857 1109 3942 compositum
1131 3853 1311 3918 invenimus
1333 3849 1404 3931 ἐξα-

304 3951 380 4042 μάοο
404 3958 521 4024 Bacoh.
546 3984 576 4027 v.
600 3964 690 4048 1316,
724 3964 810 4051 quod
830 3987 872 4030 ne
893 3964 1056 4050 Aeschylo
1079 3961 1209 4049 quidem
1231 3961 1342 4026 deesse
1364 3980 1404 4022 ex

304 4065 394 4130 Pers.
417 4089 447 4129 v.
470 4068 532 4132 822
552 4079 650 4155 atque
678 4093 718 4136 ex
743 4073 860 4156 Agam.
885 4094 913 4135 v.
939 4073 1019 4138 1655
1048 4091 1234 4155 cognosces.
1278 4064 1403 4144 Quibus

306 4173 452 4238 omnibus
474 4175 552 4240 locis
577 4188 712 4264 excepto
735 4180 789 4244 illo
812 4181 928 4264 Agam.
952 4201 981 4244 v.
1006 4179 1087 4244 1044
1116 4199 1187 4242 oum
1207 4175 1307 4241 verbo
1329 4175 1402 4238 sim·

304 4281 379 4370 plici
399 4270 548 4368 ἅμάομαι
577 4287 645 4350 sivo
673 4309 744 4352 oum
776 4289 954 4373 composito
983 4279 1117 4371 ἐξαμάοο
1145 4287 1279 4351 alteram
1308 4281 1403 4348 simul
