3220 5014
809 420 851 485 46

730 507 927 517 ...n—...—

284 621 325 688 de
345 623 452 690 verbis
474 623 603 710 quidem
624 623 750 708 σπείρω
771 632 804 688 et
825 614 961 706 φυτεύω
982 620 1192 708 omnibusque
1211 623 1261 702 iis,
1291 642 1374 707 quae

286 731 440 796 cumillis
463 732 649 815 cohaerent,
681 731 759 796 satis
780 731 896 796 multss
918 730 1143 796 translationes
1164 731 1283 816 petitas
1304 735 1375 794 es‘se

286 837 462 906 Lueckium
483 841 583 904 secuti
612 859 878 904 commemorasse
906 839 984 903 satis
1014 837 1185 921 habemus,
1216 839 1307 923 quia,
1338 845 1375 902 ut

285 957 382 1012 antea
411 947 639 1013 vocabulorum
666 938 810 1033 ἄρουρα,
842 936 954 1032 όρόω,
983 955 1176 1025 ceterorum,
1205 947 1251 1010 ita
1278 945 1375 1009 etiam

283 1054 454 1120 verborum
475 1055 601 1121 illorum
622 1076 715 1120 usum
736 1054 988 1140 metaphoricum
1016 1063 1083 1119 tom
1109 1054 1174 1118 lete
1194 1064 1305 1138 patere
1326 1052 1373 1117 di·

285 1160 420 1228 cendum
450 1171 517 1246 est,
550 1171 587 1228 ut
619 1163 675 1225 vix
705 1161 780 1226 inde
808 1163 970 1248 propriam
999 1162 1067 1228 sive
1088 1161 1286 1247 Sophocleae
1307 1161 1375 1226 sive

285 1271 366 1336 alius
381 1279 495 1355 poetae
510 1269 658 1335 dictionis
672 1269 812 1334 indolem
827 1290 1011 1356 cognoscas.
1055 1270 1250 1355 Diligentius
1267 1277 1375 1335 autem

285 1377 509 1465 inquirendum
541 1386 591 1443 est
622 1379 655 1441 in
681 1379 837 1462 imagines
864 1377 905 1443 de
930 1377 1087 1444 vocabulo
1108 1376 1182 1464 ῥίζα
1204 1378 1374 1463 profectas,

286 1488 375 1551 cuius
396 1487 522 1570 generis
543 1485 627 1572 apud
650 1486 847 1570 Aeschylum
868 1486 985 1570 Agam.
1007 1508 1038 1552 v.
1060 1486 1198 1571 966seq.
1221 1486 1316 1570 plena
1336 1505 1375 1549 ac

285 1592 449 1680 perlucida
468 1592 641 1660 similitudo
663 1603 772 1658 exstat
791 1594 839 1659 its
860 1615 1012 1679 expressa
1033 1617 1040 1658 ι

449 1698 538 1789 ῥίζης
558 1694 621 1788 γὰρ
642 1693 742 1787 οὔσης
763 1695 891 1784 φυλλὰς
911 1699 992 1767 ἵκετ’
1013 1700 1048 1779 ἐς
1066 1695 1199 1788 δόμους,

448 1811 545 1876 σκίαν
564 1800 786 1896 ὑπερτείνασα
807 1812 934 1895 σειρίου
952 1803 1063 1888 κυνός.

285 1917 409 1996 Quibus
439 1917 545 1983 verbis
573 1919 798 2004 Agamemnon
827 1940 898 1983 cum
926 1918 1034 1983 radice
1064 1928 1282 2004 comparatur,
1312 1939 1376 2004 qua

284 2027 360 2090 viva
380 2025 476 2091 arbor
496 2025 681 2094 frondescet
701 2047 740 2091 ao
760 2028 852 2111 quasi
872 2026 1057 2091 umbraculo
1078 2024 1242 2091 hominum
1263 2025 1375 2090 domus

285 2134 401 2199 asolis
422 2132 520 2198 radiis
547 2144 684 2200 tueatur.
733 2134 888 2201 Similiter
917 2137 1001 2201 enim
1029 2136 1121 2201 vivus
1151 2136 1375 2221 Agamemnon

287 2241 329 2306 ab
350 2242 498 2307 omnibns
520 2243 668 2310 fortunae
690 2243 928 2311 calamitatibus
945 2244 1073 2308 domum
1100 2241 1274 2308 defendere
1300 2241 1375 2306 dici·

285 2359 347 2414 tur.
390 2349 444 2415 De
462 2350 635 2436 Typhonte
655 2351 772 2416 deinde
792 2351 899 2416 Prem.
921 2373 954 2414 v.
974 2352 1037 2416 364
1058 2372 1124 2437 seq,
1145 2352 1284 2436 legimus
1306 2375 1314 2415 ε

422 2492 424 2496 ·
449 2472 555 2526 κεῖται
575 2463 750 2527 στενωποῦ
771 2460 913 2546 πλησίον
933 2462 1120 2527 θαλασσίου

449 2561 632 2652 ἰπούμενος
653 2565 793 2654 ῥίζαισιν
813 2567 987 2645 Αἰτναίαις
1006 2558 1096 2649 r‘lrro,

286 2673 341 2739 nbi
363 2671 504 2760 ῥίζαισιν
524 2675 697 2753 Αἰτναίαις
718 2675 759 2741 de
779 2674 889 2741 infimo
910 2686 1019 2741 monte
1047 2674 1297 2761 intellegendum
1317 2684 1375 2758 est,

287 2781 372 2866 quod
392 2782 444 2846 vel
464 2783 574 2866 lingua
595 2783 696 2850 letina
725 2785 904 2871 exprimere
932 2784 1007 2849 licet
1035 2783 1075 2848 de
1106 2784 1242 2870 ,montis
1263 2781 1375 2847 radici·

287 2887 376 2954 bus.“
419 2888 545 2954 Ibidem
564 2911 595 2955 r.
619 2891 698 2958 1047
721 2913 787 2977 seq.
811 2891 948 2956 verbis:

491 2991 602 3081 χθόνα
624 2997 652 3064 τί
672 2997 710 3064 ἐκ
731 2999 917 3083 πυθμένων
939 2988 1054 3077 αόταίς
1075 2997 1179 3086 ῥίζαις

491 3110 622 3191 πνεῦμα
641 3107 815 3194 κραδαίνοι

288 3221 405 3278 terram
426 3216 627 3299 tempestatis
648 3217 680 3280 vi
702 3215 846 3280 funditus
874 3213 1047 3280 tollendam
1076 3235 1147 3280 esse
1168 3214 1377 3280 Prometheus

288 3320 373 3385 dicit.
417 3321 589 3387 Praeterea
619 3324 646 3388 si
674 3324 778 3388 locum
807 3323 894 3388 illum
922 3325 1126 3408 respicimus,
1156 3325 1210 3409 qui
1237 3321 1327 3408 Sept.
1350 3346 1376 3386 c.

287 3425 348 3493 Th.
371 3449 401 3492 v.
424 3428 485 3494 tos
506 3449 594 3516 seqq.
616 3429 709 3496 nobis
736 3432 893 3514 occurrit,
921 3431 977 3495 ubi
1005 3451 1026 3495 a
1046 3429 1125 3496 Laio
1158 3431 1286 3516 genitus
1308 3453 1378 3496 esse

288 3536 404 3602 dicitur
425 3536 577 3623 Oedipus,

585 3634 664 3711 ὅστε
684 3638 809 3732 ματρὸς
829 3637 936 3732 ἁγνὰν

586 3754 722 3839 σπείσας
743 3744 900 3842 ἄνυσιν,
922 3753 964 3821 ἵν’
985 3749 1124 3841 hodor,

586 3857 681 3946 ῥίζαν
701 3856 924 3946 αἱματόεσσαν

586 3966 675 4049 ἔτλα,

290 4074 390 4140 verbe
410 4071 504 4160 ῥίζαν
524 4071 747 4161 αἱματόεσσαν
768 4077 809 4142 ad
829 4077 947 4144 liberos
962 4078 1045 4144 illius
1064 4088 1210 4164 spectare
1224 4078 1378 4160 videmus,

290 4185 345 4269 qui
366 4205 407 4248 ex
428 4184 550 4248 incesto
573 4185 639 4248 eius
661 4206 733 4249 cum
748 4195 850 4251 matre
865 4187 1013 4270 coniugio
1028 4187 1223 4273 prodierunt.
1266 4185 1378 4251 Restat

289 4290 479 4356 vocabulum
501 4287 627 4378 ῥίζωμα
648 4292 733 4378 quod
764 4294 862 4359 semel
878 4277 979 4380 ‘apud
1002 4294 1197 4380 Aeschylum
1217 4294 1379 4360 iuvenitur
