3220 5014
894 451 936 517 22

372 658 418 722 ire
437 665 554 745 posset.
598 655 651 720 Ad
675 675 771 741 quam
792 675 860 717 rem
882 662 947 716 tres
968 652 1031 716 loci
1052 659 1208 737 spectant,
1232 650 1333 734 quiin
1349 649 1459 715 Persis

372 766 585 846 inveniuntur,
606 764 661 828 ubi
682 785 712 825 v.
729 761 769 829 72
782 761 923 845 imagine
943 758 1104 845 praeclare
1126 778 1278 842 expressa
1298 758 1458 840 legimus:

570 863 670 955 ζυγὸν
691 859 887 954 ἀμφιβαλὼν
908 856 1021 950 αὐχένι
1041 859 1179 931 πόντου.

373 979 500 1045 Deinde
518 1001 548 1042 v.
571 977 632 1042 722
651 977 731 1042 haec
751 976 930 1040 invenimus
951 997 958 1038 :

453 1098 612 1172 μηχαναῖς
634 1081 763 1166 ἔζευξεν
776 1073 892 1168 Ἕλλης
911 1073 1081 1166 πορθμὸν,
1102 1071 1179 1146 ὥστ’
1202 1077 1288 1163 ἔχειν
1307 1073 1417 1164 πόρον

373 1204 470 1280 atque
490 1215 522 1257 v.
546 1193 606 1256 130
626 1211 713 1276 seqq.
736 1214 743 1254 :

668 1292 731 1364 τὸν
750 1288 976 1383 ἀμφίζευκτον
996 1295 1172 1382 ἐξαμείψας

668 1396 857 1492 ἀμφοτέρας
878 1397 975 1472 ἅλιον

669 1519 787 1599 πρῶνα
808 1506 925 1579 κοινὸν
945 1511 1027 1590 ulae.

250 1695 256 1706 ⁸
375 1622 524 1706 Denique
544 1621 606 1685 huc
626 1621 724 1687 affere
744 1622 849 1704 liceat,
871 1640 953 1706 quae
974 1622 1013 1686 fr.
1034 1621 1098 1686 350
1117 1621 1267 1704 leguntur
1288 1643 1295 1684 ε

569 1723 677 1815 πάτερ
701 1729 827 1808 Θίοινε,
849 1721 1032 1818 Μαινάδων
1052 1722 1231 1812 ζεοκτήριε,

317 1832 320 1838 ’
376 1857 437 1921 quo
460 1836 529 1900 loco
551 1837 737 1901 vocabulum
759 1829 959 1922 ςενκτήριος,
981 1855 1043 1920 quo
1065 1836 1092 1899 is
1113 1836 1241 1920 proprie
1251 1833 1460 1918 significatur,

375 1945 430 2030 qui
461 1943 611 2009 animalia
642 1943 769 2027 domat,
800 1944 841 2008 ad
871 1965 943 2009 eum
974 1942 1182 2026 transfertur,
1214 1943 1268 2028 qui
1297 1942 1461 2007 hominum

374 2051 538 2116 licentiam
559 2061 684 2117 coercet
704 2074 743 2116 ac
763 2051 916 2136 reprimit.

457 2157 642 2243 Sequuntur
670 2180 778 2223 earum
808 2159 849 2224 de
876 2158 937 2223 illis
967 2157 1128 2222 vocabulis
1157 2158 1327 2243 petitarum
1348 2158 1461 2240 imagi-

374 2287 460 2346 num,
483 2265 597 2351 quibus
618 2277 690 2330 arta
711 2267 867 2352 quaedam
889 2275 921 2330 et
934 2266 1119 2351 plerumque
1134 2266 1267 2330 molesta
1282 2266 1461 2329 communio

375 2372 582 2457 significatur,
604 2372 667 2438 duo
688 2375 742 2438 illa
762 2394 897 2458 genera,
927 2394 1061 2458 quorum
1090 2374 1124 2436 in
1151 2372 1250 2438 altero
1273 2395 1343 2437 cum
1365 2370 1461 2437 rebus

376 2503 459 2568 quae
481 2481 629 2547 dicuntur
649 2482 815 2566 concretis,
837 2483 870 2546 in
884 2481 984 2546 altero
1001 2503 1071 2546 cum
1086 2480 1256 2546 abstractis
1282 2480 1461 2546 communio

376 2600 434 2655 est.
478 2592 586 2675 Atque
606 2591 689 2655 illius
712 2590 839 2675 quidem
861 2591 1004 2674 generis,
1033 2591 1121 2654 cuius
1141 2590 1262 2654 rariora
1282 2600 1355 2653 sunt
1375 2588 1460 2674 apud

376 2697 568 2782 Sophoclem
599 2697 732 2782 similia,
772 2699 868 2762 etiam
898 2696 984 2782 apud
1016 2696 1210 2782 Aeschylum
1242 2696 1304 2762 duo
1336 2706 1460 2762 tantum

376 2804 524 2890 exempla
551 2805 771 2888 inveniuntur,
809 2805 910 2869 maior
945 2804 1030 2890 apud
1060 2805 1246 2890 Euripidem
1285 2806 1459 2888 imaginum

375 2932 525 2978 numerus
539 2912 631 2976 nobis
646 2915 792 2996 occurrit,
814 2933 897 2997 quae
916 2912 978 2976 huo
998 2897 1185 2978 referendae
1199 2935 1268 2977 esse
1283 2913 1458 2978 videantur.

376 3020 485 3106 Atque
506 3042 546 3084 ex
561 3019 723 3105 Aeschylo
742 3021 879 3108 primum
900 3019 1015 3085 afferre
1036 3021 1137 3104 liceat,
1159 3041 1241 3106 quae
1256 3019 1343 3084 Pers.
1358 3041 1387 3084 v.
1400 3019 1459 3084 ‘136

376 3136 534 3192 exstant:

476 3226 620 3320 depereo
638 3240 755 3321 μολεῖν
774 3235 921 3321 γέφυραν
941 3247 1017 3319 γαῖν
1037 3236 1131 3302 δυοῖν
1152 3237 1346 3324 ζευκτηρίαν

377 3363 524 3428 quaeque
548 3342 589 3406 ad
617 3344 871 3408 communionem
898 3343 984 3407 illam
1013 3353 1161 3429 spectant
1186 3345 1269 3408 inter
1296 3343 1408 3408 Asiam
1429 3353 1461 3408 et

377 3451 539 3536 Europam
561 3459 658 3535 ponte
679 3452 758 3515 mari
780 3452 928 3536 imposito
950 3450 1104 3516 effectam.
1153 3451 1279 3516 Deinde
1309 3451 1370 3515 huc
1391 3473 1459 3536 per-

376 3559 466 3640 tinet,
489 3557 574 3643 quod
596 3558 712 3640 Agam.
733 3575 755 3620 τ
785 3558 827 3622 44
847 3558 965 3641 legitur
985 3547 1110 3645 ὀχυρὸν
1137 3562 1251 3643 ζεῦγος
1274 3548 1460 3644 Ἀτρείδαιν,

378 3665 493 3750 quibus
522 3665 629 3730 verbis
658 3665 796 3731 naturali
830 3665 967 3750 quadam
997 3667 1148 3732 societate
1179 3668 1401 3751 Agamemnon
1430 3679 1461 3733 et

377 3772 541 3838 Menelaus
571 3775 655 3838 inter
683 3795 718 3839 se
749 3775 908 3837 coniuncti
935 3774 1033 3838 fuisse
1060 3773 1217 3839 dicuutur.
1267 3774 1357 3854 Quae
1386 3797 1460 3840 vero

379 3880 548 3966 Euripides
569 3880 642 3946 Hel.
665 3902 693 3944 v.
716 3881 780 3946 392
799 3879 979 3946 Menelaum
1001 3880 1157 3947 dicentem
1180 3882 1285 3946 facit:

499 3976 705 4074 Ἀγαμέμνον’
727 3987 785 4073 ἐμέ
804 4011 840 4056 τε
862 3988 1050 4068 Μενέλεων,
1070 3983 1203 4054 κλεινὸν
1223 3982 1331 4074 ζυγὸν,

378 4095 419 4161 ab
441 4097 580 4179 imagine
599 4096 661 4179 illa,
683 4115 779 4182 quam
791 4096 969 4181 Aeschylus
990 4097 1164 4183 usurpavit,
1186 4097 1315 4162 minime
1336 4097 1461 4162 diversa
1563 4077 1564 4106 ί

378 4212 461 4268 sunt.
504 4204 558 4269 Ad
586 4225 681 4290 quam
710 4204 947 4270 similitudinem
968 4205 1050 4270 aliae
1078 4206 1155 4270 satis
1182 4205 1315 4288 multae,
1346 4205 1459 4291 quibus
1563 4273 1564 4280 ς

379 4311 463 4378 idem
484 4323 581 4399 poeta
600 4333 676 4378 usus
697 4321 756 4395 est,
777 4313 922 4397 proxime
942 4312 1105 4377 accedunt.
1149 4313 1257 4399 Atque
1278 4335 1318 4378 ex
1339 4311 1459 4399 Hippo·
1563 4373 1564 4390 ,
